=LDR  07606cam a22007457a 4500
=001  016289655
=003  Uk
=005  20221231232051.0
=008  100928s2009\\\\it\ab\\\\b\\\i000\0\eng\d
=010  \\$a  2010499223
=020  \\$a9789251064221 (paperback)
=020  \\$a9251064229 (paperback)
=035  \\$a(OCoLC)ocn654315721
=040  \\$aBTCTA$beng$cBTCTA$dORE$dUAB$dDLC$dUk
=042  \\$aukblcatcopy
=050  00$aSH153.7$b.R36 2009
=100  1\$aRana, Krishen J.
=245  10$aImpact of rising feed ingredient prices on aquafeeds and aquaculture production /$cKrishen J. Rana, Sunil Siriwardena and Mohammad R. Hasan.
=260  \\$aRome :$bFood and Agriculture Organization of the United Nations,$c2009.
=300  \\$axii, 63 p. :$bcol. ill., col. maps ;$c30 cm.
=336  \\$atext$2rdacontent
=337  \\$aunmediated$2rdamedia
=338  \\$avolume$2rdacarrier
=490  0\$aFAO fisheries and aquaculture technical paper,$x2070-7010 ;$v541
=504  \\$aIncludes bibliographical references (p. 55-63).
=520  3\$aIt is now widely recognized that the rising demand for aquatic products will have to be met by aquaculture. The future of aquaculture will depend on how well it meets this challenge. The contribution of aquaculture to total fishery products (excluding plants), globally, has steadily increased from 4 percent in 1970 to 36 percent in 2006 and is continuing to increase. The growing importance of aquaculture in overcoming production limits of capture fisheries can be judged from the fact that China's 2004 aquaculture production was about 70 percent of its total fisheries production. By 2020, global aquaculture is expected to contribute about 120-130 million tonnes of fish to meet projected demands .The types of species/species groups dominating fed aquaculture production and the recent focus to increase and intensify production of crustaceans, marine finfish, and diadromous fishes, reflects a tendency to increasing reliance on aquafeeds, for their production, and particularly commercial diets. It is, therefore, crucial that aquaculture is sustainable and that the resources required for promoting aquaculture are secured. Key resources required to meet this challenge are aquafeeds and the ingredients used in their production. These resources, together with high transportation costs as a result of costly energy, form the central part of this study. Fed aquaculture relies on a basket of common input ingredients such as soybean, corn, fishmeal, fish oil, rice and wheat, for which it competes in the marketplace with the animal husbandry sector as well as with use for direct human consumption .Many of these key ingredients traditionally used in recipes for commercial or on-farm aquaculture feeds are internationally traded commodities. Therefore, aquafeed production is also subjected to any common global market shocks and volatility. Since 2005, the basket commodity price index (CPI) rose by about 50 percent and the prices of soybean meal, fishmeal, corn and wheat rose by 67, 55, 284, 225 and 180 percent, respectively. Similarly, the cost of major oils used in the aquafeed industry has increased by up to 250 percent. The aquaculture industry is, therefore, not immune to this global phenomenon and the major concern is how it will impact aquaculture. Specifically, smallholders and rural farmers may particularly be susceptible to these global changes and the fallout may further contribute to their poverty and vulnerability .Considering such developments, this technical review evaluates the underlying reasons for the recent dramatic rise in prices of these commodities used in aquafeed production and its consequences for the aquafeed industry and, in particular, on demand and expectations from aquaculture in securing current and future fish supplies. This technical paper also discusses issues related to availability of and access to land and water resources, and the impact of other sectors using these resources on the direction of aquaculture both in terms of species produced and the production systems. In the light of probable increase in competition for land and water in many aquaculture producing countries in Asia, there will inevitably be increasing pressure to intensify aquaculture productivity through the use of more commercial feeds than farm-made feeds .Urbanization has influenced both the level and distribution of income and dietary habits which are driving upwards the demand for high-value fish species with significant implications for feed supplies. Due to the increasing prices of ingredients, aquafeed prices, especially the prices of compound aquafeeds, may increase further and a shortfall in the local supplies will compel importation of aquafeeds. Of the ingredients, fishmeal and fish oil are highly favoured for aquafeeds and aquafeed production is under increasing pressure due to limited supplies and increasing price of fishmeal and fish oil. This review also outlines initiatives that are searching for substitutes for fishmeal and fish oil so as to position the industry to meet the challenge of securing aquafeed for sustaining aquaculture. To regulate the rising commodity prices would require governmental interventions .A brief overview of coping strategies to strengthen national capacity to address the issue of aquafeed supply and to mitigate rising prices of aquafeed ingredient is given. These strategies include policies, research and private sector and farmers' initiatives.
=530  \\$aAlso available on the World Wide Web.
=540  \\$aCurrent Copyright Fee: GBP25.00$c0$5Uk
=650  \0$aAquaculture$xEconomic aspects.
=700  1\$aSiriwardena, Sunil.
=700  1\$aHasan, Mohammad R.
=710  2\$aFood and Agriculture Organization of the United Nations.
=852  41$aBritish Library$bSTI$k(P)$hEL 50$m-E(17)$2blsrissc
=852  41$aBritish Library$bSTI$k(TP)$hEL 50$m-E(17)$2blsrissc
=852  41$aBritish Library$bDSC$j3865.629400
=852  41$aBritish Library$bHMNTS$jOPB.9.x.323
=856  41$3Free Access$uhttp://www.fao.org/docrep/012/i1143e/i1143e.pdf
=ACF  \\$aPrevious copyright fee: GBP12.00$c0$e01-jan-2012$fGBP12.00$g0$hA$5Uk
=ACF  \\$aPrevious Copyright Fee: GBP12.30$c0$e01-jan-2014$fGBP12.30$g0$hA$5Uk
=ACF  \\$aPrevious Copyright Fee: GBP15.00$c0$e01-jan-2017$fGBP15.00$g0$hA$5Uk
=ACF  \\$aPrevious Copyright Fee: GBP20.00$c0$e01-jan-2020$fGBP20.00$g0$hA$5Uk
=CAT  \\$a7164$b40$c20130228$lBLL01$h1440
=CAT  \\$aBATCH-CLA$b00$c20130429$lBLL01$h0159
=CAT  \\$aBATCH-CLA$b00$c20130508$lBLL01$h0744
=CAT  \\$aBATCH-CLA$c20131220$lBLL01$h2120
=CAT  \\$aIPL-CLA$c20140101$lBLL01$h0209
=CAT  \\$aBATCH-CLA$b00$c20161222$lBLL01$h1836
=CAT  \\$aIPL-CLA$c20161231$lBLL01$h0009
=CAT  \\$aBATCH-CLA$b00$c20171222$lBLL01$h2213
=CAT  \\$aIPL-CLA$c20171231$lBLL01$h1817
=CAT  \\$aBATCH-CLA$b00$c20191219$lBLL01$h1759
=CAT  \\$aIPL-CLA$c20191231$lBLL01$h2034
=CAT  \\$aR2001-1524$c20200127$lBLL01$h2059
=CAT  \\$aBATCH-CLA$b00$c20200128$lBLL01$h0455
=CAT  \\$aBATCH-CLA$b00$c20201204$lBLL01$h1610
=CAT  \\$aIPL-CLA$c20201231$lBLL01$h2336
=CAT  \\$aBATCH-CLA$b00$c20221221$lBLL01$h1926
=CAT  \\$aIPL-CLA$c20221231$lBLL01$h2320
=CFI  0\$aCurrent Copyright Fee: GBP25.00$c0$e01-jan-2023$fGBP25.00$g0$hA$5Uk
=CFI  2\$aPrevious Copyright Fee: GBP22.50$c0$e01-jan-2021$fGBP22.50$g0$hA$5Uk
=FIN  \\$aY$d20130228
=FMT  \\$a  BK
=LAS  \\$aIPL-CLA$b00$c20221231$lBLL01$h2320
=SRC  \\$aBLL02
=TCO  \\$aITA$bAIDRO / SIAE$c008

