=LDR  03550cam a22007937i 4500
=001  016294020
=003  Uk
=005  20221231232056.0
=008  110322s2009\\\\it\a\\\\\b\\\i000\0\fre\d
=020  \\$a9789252064176 (paperback)
=020  \\$a9252064176 (paperback)
=035  \\$a(OCoLC)755933109
=040  \\$aLVB$bfre$cLVB$dOCLCQ$duk$erda
=050  14$aSH331 D637 535
=055  \4$aSH331 D637 535
=086  0\$aI1139F/1/10.09/700
=100  1\$aNdiaye, Oumoulkhairy,$eauthor.
=245  10$aDe la pirogue à l'étal :$béquipements améliorés de manutention et de transformation pour la pêche artisanale /$cpar Oumoulkhairy Ndiaye et Yvette Diei-Ouadi.
=260  \\$aRome :$bOrganisation des Nations Unies pour l'alimentation et l'agriculture,$c2009.
=300  \\$avi, 65 pages :$billustrations (black and white, and colour) ;$c25 cm.
=336  \\$atext$2rdacontent
=337  \\$aunmediated$2rdamedia
=338  \\$avolume$2rdacarrier
=490  1\$aFAO document technique sur les pêches et l'aquaculture,$x2070-7029 ;$v535
=504  \\$aIncludes bibliographical references.
=530  \\$aPublié aussi en version électronique.
=540  \\$aCurrent Copyright Fee: GBP25.00$c0$5Uk
=650  \6$aPêche artisanale$xAppareils et matériel.
=650  \6$aProduits de la pêche$xTraitement.
=650  \6$aPêches$xTechnologie.
=700  1\$aDiei-Ouadi, Yvette,$eauthor.
=710  2\$aOrganisation des Nations Unies pour l'alimentation et l'agriculture,$epublisher.
=830  \0$aDocument technique sur les pêches et l'aquaculture ;$v535.
=852  41$aBritish Library$bSTI$k(P)$hEL 50$m-E(17)$2blsrissc
=852  41$aBritish Library$bSTI$k(TP)$hEL 50$m-E(17)$2blsrissc
=852  41$aBritish Library$bDSC$j3865.629400
=852  41$aBritish Library$bHMNTS$jOPB.9.x.323
=856  41$3Accès direct$uhttp://www.fao.org/docrep/012/i1139f/i1139f.pdf
=ACF  \\$aPrevious copyright fee: GBP12.00$c0$e01-jan-2012$fGBP12.00$g0$hA$5Uk
=ACF  \\$aPrevious Copyright Fee: GBP12.30$c0$e01-jan-2014$fGBP12.30$g0$hA$5Uk
=ACF  \\$aPrevious Copyright Fee: GBP15.00$c0$e01-jan-2017$fGBP15.00$g0$hA$5Uk
=ACF  \\$aPrevious Copyright Fee: GBP20.00$c0$e01-jan-2020$fGBP20.00$g0$hA$5Uk
=CAT  \\$a7233$b40$c20130305$lBLL01$h1531
=CAT  \\$a11070$b40$c20130312$lBLL01$h0958
=CAT  \\$a11070$b40$c20130312$lBLL01$h1050
=CAT  \\$aBATCH-CLA$b00$c20130429$lBLL01$h0159
=CAT  \\$aBATCH-CLA$b00$c20130508$lBLL01$h0744
=CAT  \\$aBATCH-CLA$c20131220$lBLL01$h2120
=CAT  \\$aIPL-CLA$c20140101$lBLL01$h0209
=CAT  \\$aBATCH-UPD$b00$c20151018$lBLL01$h1026
=CAT  \\$aBATCH-CLA$b00$c20161222$lBLL01$h1836
=CAT  \\$aIPL-CLA$c20161231$lBLL01$h0009
=CAT  \\$aBATCH-CLA$b00$c20171222$lBLL01$h2213
=CAT  \\$aIPL-CLA$c20171231$lBLL01$h1817
=CAT  \\$aBATCH-CLA$b00$c20191219$lBLL01$h1759
=CAT  \\$aIPL-CLA$c20191231$lBLL01$h2034
=CAT  \\$aR2001-1524$c20200127$lBLL01$h2059
=CAT  \\$aBATCH-CLA$b00$c20200128$lBLL01$h0455
=CAT  \\$aBATCH-CLA$b00$c20201204$lBLL01$h1610
=CAT  \\$aIPL-CLA$c20201231$lBLL01$h2336
=CAT  \\$aBATCH-CLA$b00$c20221221$lBLL01$h1926
=CAT  \\$aIPL-CLA$c20221231$lBLL01$h2320
=CFI  0\$aCurrent Copyright Fee: GBP25.00$c0$e01-jan-2023$fGBP25.00$g0$hA$5Uk
=CFI  2\$aPrevious Copyright Fee: GBP22.50$c0$e01-jan-2021$fGBP22.50$g0$hA$5Uk
=FIN  \\$aY$d20130312
=FMT  \\$a  BK
=LAS  \\$aIPL-CLA$b00$c20221231$lBLL01$h2320
=SID  \\$aZ39$bOCLC
=TCO  \\$aITA$bAIDRO / SIAE$c008

