=LDR  04790cam a2200841 a 4500
=001  015246190
=003  Uk
=005  20230924065735.0
=008  090320s2008\\\\it\ab\\\\b\\\\000\0\eng\d
=015  \\$aGBA958072$2bnb
=016  7\$a015246190$2Uk
=020  \\$a9789251061121 (pbk.) :$cNo price
=020  \\$a9251061122 (pbk.) :$cNo price
=035  \\$a(OCoLC)316833223
=040  \\$aBTCTA$cBTCTA$dORE$dCOD$dUAB$dUk
=042  \\$aukblsr
=043  \\$afw-----$afc-----
=050  \4$aSH1$b.F539 no.513
=082  04$a639.2096$222
=245  00$aAchieving poverty reduction through responsible fisheries :$blessons from West and Central Africa /$cedited by Lena Westlund, Katrien Holvoet and Mustapha Kébé.
=260  \\$aRome :$bFood and Agriculture Organization of the United Nations,$c2008.
=300  \\$ax, 168 p. :$bill., maps ;$c29 cm.
=336  \\$atext$2rdacontent
=337  \\$aunmediated$2rdamedia
=338  \\$avolume$2rdacarrier
=490  0\$aFAO fisheries and aquaculture technical paper ;$v513
=504  \\$aIncludes bibliographical references.
=505  2\$aIntroduction -- The sustainable livelihood approach : new directions in West and Central African small-scale fisheries -- Analysing and addressing the multiple dimensions of poverty -- Reassessing the economic and social contribution of fisheries in developing countries -- Mainstreaming fisheries in developing policy -- Institutional innovations in fisheries co-management -- Understanding the mobility of fishing people and the challenge of migration to devolved fisheries management -- Microfinance, capacity building and livelihoods diversification -- Innovations in communication enhance grassroots development -- Responding to HIV and AIDS in fishing communities : case studies from Benin and Congo -- Mainstreaming gender in fisheries -- Combining a focus on poverty reduction with responsible fisheries : SFLIP's impact on development policy.
=520  \\$aThis document highlights important examples generated by the Sustainable Fisheries Livelihoods Program with regard not only to reconciling poverty reduction and responsible fishing but also showing how the two are mutually dependent and essential for sustainable outcomes. It provides a consolidated account of main lessons learned to serve as a source of information and inspiration for further work with small-scale fishing communities.--Publisher's description.
=530  \\$aAlso available on the World Wide Web.
=540  \\$aCurrent Copyright Fee: GBP25.00$c0$5Uk
=650  \0$aSustainable fisheries$xSocial aspects$zAfrica, West.
=650  \0$aSustainable fisheries$xSocial aspects$zAfrica, Central.
=650  \0$aSustainable fisheries$xEconomic aspects$zAfrica, West.
=650  \0$aSustainable fisheries$xEconomic aspects$zAfrica, Central.
=650  \0$aFishery management$zAfrica, West.
=650  \0$aFishery management$zAfrica, Central.
=650  \0$aPoverty$zAfrica, West$xPrevention.
=650  \0$aPoverty$zAfrica, Central$xPrevention.
=700  1\$aWestlund, Lena.
=700  1\$aHolvoet, Katrien.
=700  1\$aKebe, Moustapha.
=710  2\$aFood and Agriculture Organization of the United Nations.
=852  71$aBritish Library$bSTI$k(P)$hEL 50$m-E(17)$i513$2blsrissc
=852  41$aBritish Library$bDSC$j3865.629400$ino.513
=856  41$3Free Access$uhttp://www.fao.org/docrep/011/i0448e/i0448e00.htm
=ACF  \\$aPrevious Copyright Fee: GBP12.30$c0$e01-jan-2014$fGBP12.30$g0$hA$5Uk
=ACF  \\$aPrevious Copyright Fee: GBP15.00$c0$e01-jan-2017$fGBP15.00$g0$hA$5Uk
=ACF  \\$aPrevious Copyright Fee: GBP20.00$c0$e01-jan-2020$fGBP20.00$g0$hA$5Uk
=CAT  \\$a9504$b40$c20090518$lBLL01$h0931
=CAT  \\$a12167$b40$c20090610$lBLL01$h1444
=CAT  \\$aBATCH-CLA$b00$c20150314$lBLL01$h0050
=CAT  \\$aWR16_021$c20160624$lBLL01$h1819
=CAT  \\$aBATCH-CLA$b00$c20161222$lBLL01$h1828
=CAT  \\$aIPL-CLA$c20161230$lBLL01$h2331
=CAT  \\$aBATCH-CLA$b00$c20171222$lBLL01$h2158
=CAT  \\$aIPL-CLA$c20171231$lBLL01$h1752
=CAT  \\$aBATCH-CLA$b00$c20191219$lBLL01$h1752
=CAT  \\$aIPL-CLA$c20191231$lBLL01$h2018
=CAT  \\$aR2001-1524$c20200127$lBLL01$h2044
=CAT  \\$aBATCH-CLA$b00$c20200128$lBLL01$h0455
=CAT  \\$aBATCH-CLA$b00$c20201204$lBLL01$h1601
=CAT  \\$aIPL-CLA$c20201231$lBLL01$h2315
=CAT  \\$aBATCH-CLA$b00$c20221221$lBLL01$h1916
=CAT  \\$aIPL-CLA$c20221231$lBLL01$h2240
=CAT  \\$aW2308-1659$c20230923$lBLL01$h1019
=CAT  \\$aBATCH-CLA$b00$c20230924$lBLL01$h0657
=CFI  0\$aCurrent Copyright Fee: GBP25.00$c0$e01-jan-2023$fGBP25.00$g0$hA$5Uk
=FIN  \\$aY$d20090518
=FMT  \\$a  BK
=LAS  \\$aBATCH-CLA$b00$c20230924$lBLL01$h0657
=SID  \\$aZ39$bOCLC
=TCO  \\$aITA$bAIDRO / SIAE$c008

