=LDR  03834cam a2200793 a 4500
=001  013407465
=003  Uk
=005  20221231211940.0
=008  060201s2005\\\\it\\\\\\\\\\\\100\0\eng\\
=016  7\$a013407465$2Uk
=020  \\$a9251054045 (pbk.)
=040  \\$aOSU$cOSU$dOSU$dORE$dUk
=042  \\$aukblsr
=082  04$a354.570996$222
=088  \\$aFIPL/R786 (En)
=111  2\$aFAO Regional Workshop on the Elaboration of National Plans of Action to Prevent, Deter and Eliminate Illegal, Unreported and Unregulated Fishing--Pacific Islands Subregion$d(2005 :$cNadi, Fiji)
=245  10$aReport of the FAO Regional Workshop on the Elaboration of National Plans of Action to Prevent, Deter and Eliminate Illegal, Unreported and Unregulated Fishing--Pacific Islands Subregion :$bNadi, Fiji, 29 August-2 September 2005.
=260  \\$aRome :$bFood and Agriculture Organization of the United Nations,$cc2005.
=300  \\$av, 74 p. ;$c30 cm.
=336  \\$atext$2rdacontent
=337  \\$aunmediated$2rdamedia
=338  \\$avolume$2rdacarrier
=490  0\$aFAO fisheries report ;$vno. 786
=530  \\$aAlso available on the World Wide Web.
=540  \\$aCurrent Copyright Fee: GBP25.00$c0$5Uk
=591  \\$aReport.
=650  \0$aFishery law and legislation$zIslands of the Pacific$vCongresses.
=650  \0$aFishery management, International$zIslands of the Pacific$vCongresses.
=650  \0$aFisheries$zIslands of the Pacific$xInternational cooperation$vCongresses.
=650  \0$aPoaching$xGovernment policy$zIslands of the Pacific$vCongresses.
=653  1\$aIllegal fishing
=653  1\$aUnregulated fishing
=690  7\$aManagement and Business Studies$2blcoll
=710  2\$aFood and Agriculture Organization of the United Nations.
=852  41$aBritish Library$bDSC$j3865.637000$ino. 786
=852  11$aBritish Library$bSTI$k(B)$h354.570996$i786
=856  11$uftp://ftp.fao.org/docrep/fao/008/a0211e/a0211e00.pdf$zConnect to this title online
=945  \\$aFAO fisheries reports, ISSN 0429-9337 ; no 786 (2005)
=ACF  \\$aPrevious Copyright Fee: GBP12.30$c0$e01-jan-2014$fGBP12.30$g0$hA$5Uk
=ACF  \\$aPrevious Copyright Fee: GBP15.00$c0$e01-jan-2017$fGBP15.00$g0$hA$5Uk
=ACF  \\$aPrevious Copyright Fee: GBP20.00$c0$e01-jan-2020$fGBP20.00$g0$hA$5Uk
=CAT  \\$a8197$b40$c20060221$lBLL01$h0920
=CAT  \\$a6933$b40$c20060227$lBLL01$h1100
=CAT  \\$a10938$b40$c20060303$lBLL01$h1625
=CAT  \\$a10938$b40$c20060303$lBLL01$h1627
=CAT  \\$a8964$b40$c20060307$lBLL01$h1433
=CAT  \\$aBATCH$b00$c20090624$lBLL01$h1711
=CAT  \\$aBATCH-CLA$b00$c20140810$lBLL01$h1402
=CAT  \\$aWR16_021$c20160613$lBLL01$h1810
=CAT  \\$aBATCH-CLA$b00$c20160614$lBLL01$h0129
=CAT  \\$aBATCH-CLA$b00$c20161222$lBLL01$h1809
=CAT  \\$aIPL-CLA$c20161230$lBLL01$h2153
=CAT  \\$aBATCH-CLA$b00$c20171222$lBLL01$h2131
=CAT  \\$aIPL-CLA$c20171231$lBLL01$h1652
=CAT  \\$aBATCH-CLA$b00$c20191219$lBLL01$h1735
=CAT  \\$aIPL-CLA$c20191231$lBLL01$h1938
=CAT  \\$aR2001-1524$c20200127$lBLL01$h2016
=CAT  \\$aBATCH-CLA$b00$c20200128$lBLL01$h0413
=CAT  \\$aBATCH-CLA$b00$c20201204$lBLL01$h1537
=CAT  \\$aIPL-CLA$c20201231$lBLL01$h2208
=CAT  \\$aBATCH-CLA$b00$c20221221$lBLL01$h1847
=CAT  \\$aIPL-CLA$c20221231$lBLL01$h2119
=CFI  0\$aCurrent Copyright Fee: GBP25.00$c0$e01-jan-2023$fGBP25.00$g0$hA$5Uk
=CFI  2\$aPrevious Copyright Fee: GBP22.50$c0$e01-jan-2021$fGBP22.50$g0$hA$5Uk
=CNF  \\$aFAO Regional Workshop on the Elaboration of National Plans of Action to Prevent, Deter and Eliminate Illegal, Unreported and Unregulated Fishing : Pacific Islands Subregion$d(2005 Aug :$cNadi, Fiji)
=FIN  \\$aY$d20060227
=FMT  \\$a  BK
=LAS  \\$aIPL-CLA$b00$c20221231$lBLL01$h2119
=SID  \\$aZ39$bOCLC

