=LDR  05230cam a22008777a 4500
=001  016289617
=003  Uk
=005  20221231232051.0
=008  100804s2009\\\\it\a\\\\\b\\\i100\0\eng\d
=020  \\$a9789251064160 (paperback)
=020  \\$a9251064164 (paperback)
=035  \\$a(OCoLC)652546376
=040  \\$aAGL$beng$cAGL$dAGL$dCUS$dAGL$dORE$dCOD$dWAU$dUk
=042  \\$aukblderived
=050  \4$aSH329.S53$bF36 2009
=070  0\$aSH329.S53$bF36 2009
=111  2\$aFAO Expert Workshop on Methods and Indicators for Evaluating the Contribution of Small-scale Aquaculture to Sustainable Rural Development$d(2008 :$cNha Trang, Vietnam)
=245  10$aMeasuring the contribution of small-scale aquaculture :$ban assessment /$cedited by Melba G. Bondad-Reantaso and Mark Prein.
=260  \\$aRome :$bFAO,$c2009.
=300  \\$axi, 179 p. :$bill. (some col.) ;$c30 cm.
=336  \\$atext$2rdacontent
=337  \\$aunmediated$2rdamedia
=338  \\$avolume$2rdacarrier
=490  1\$aFAO fisheries and aquaculture technical paper,$x2070-7010 ;$v534
=500  \\$aProceedings of the FAO Expert Workshop on Methods and Indicators for Evaluating the Contribution of Small-scale Aquaculture to Sustainable Rural Development, 24-28 Nov. 2008, Nha Trang, Viet Nam.
=504  \\$aIncludes bibliographical references.
=505  2\$apt. 1. Report of the FAO expert workshop on methods and indicators for evaluating the contribution of small-scale aquaculture to sustainable rural development -- pt. 2. Contributed papers on measuring the contribution of small-scale aquaculture.
=520  \\$aThe Workshop attempted to develop an indicator system to measure the contribution of SSA, using a number of processes and steps, including: (i) understanding the subject of measurements; (ii) identifying an analytical framework and setting criteria (iii) developing a list of SSA contributions; (iv) categorizing the contributions; (v) devising and organizing the indicators of contribution; and (vi) measuring the indicators. The major outcome was the development, through an iterative process, of an indicator system which can provide a measure of the contribution of SSA based on agreed criteria (accuracy, measurability and efficiency) and the sustainable livelihood approach analytical framework which consists of five capital assets (human, financial, physical, social and natural) and can be used for various livelihoods options.--Publisher's description.
=530  \\$aAlso available on the Internet.
=540  \\$aCurrent Copyright Fee: GBP25.00$c0$5Uk
=591  \\$aSelected papers.
=650  \0$aAquaculture$xMethodology$vCongresses.
=650  \0$aSmall-scale aquaculture$xEconomic aspects$xMeasurement$vCongresses.
=650  \0$aSustainable fisheries$vCongresses.
=650  \0$aRural development$xEnvironmental aspects$vCongresses.
=700  1\$aBondad-Reantaso, Melba G.
=700  1\$aPrein, M.$q(Mark).
=710  2\$aFood and Agriculture Organization of the United Nations.
=830  \0$aFAO fisheries and aquaculture technical paper ;$v534.
=852  41$aBritish Library$bSTI$k(P)$hEL 50$m-E(17)$2blsrissc
=852  41$aBritish Library$bSTI$k(TP)$hEL 50$m-E(17)$2blsrissc
=852  41$aBritish Library$bDSC$j3865.629400
=852  41$aBritish Library$bHMNTS$jOPB.9.x.323
=856  41$uhttp://www.fao.org/docrep/012/i1138e/i1138e.pdf$zConnect to online version
=945  \\$aFAO fisheries and aquaculture technical paper ; 534 2009
=ACF  \\$aPrevious copyright fee: GBP12.00$c0$e01-jan-2012$fGBP12.00$g0$hA$5Uk
=ACF  \\$aPrevious Copyright Fee: GBP12.30$c0$e01-jan-2014$fGBP12.30$g0$hA$5Uk
=ACF  \\$aPrevious Copyright Fee: GBP15.00$c0$e01-jan-2017$fGBP15.00$g0$hA$5Uk
=ACF  \\$aPrevious Copyright Fee: GBP20.00$c0$e01-jan-2020$fGBP20.00$g0$hA$5Uk
=CAT  \\$a7164$b40$c20130228$lBLL01$h1422
=CAT  \\$a7164$b40$c20130228$lBLL01$h1423
=CAT  \\$aBATCH-CLA$b00$c20130429$lBLL01$h0159
=CAT  \\$aBATCH-CLA$b00$c20130508$lBLL01$h0744
=CAT  \\$aBATCH-CLA$c20131220$lBLL01$h2120
=CAT  \\$aIPL-CLA$c20140101$lBLL01$h0209
=CAT  \\$aBATCH-CLA$b00$c20161222$lBLL01$h1836
=CAT  \\$aBATCH-UPD$b00$c20161224$lBLL01$h1504
=CAT  \\$aIPL-CLA$c20161231$lBLL01$h0009
=CAT  \\$aBATCH-CLA$b00$c20171222$lBLL01$h2213
=CAT  \\$aIPL-CLA$c20171231$lBLL01$h1817
=CAT  \\$aBATCH-CLA$b00$c20191219$lBLL01$h1759
=CAT  \\$aIPL-CLA$c20191231$lBLL01$h2034
=CAT  \\$aR2001-1524$c20200127$lBLL01$h2059
=CAT  \\$aBATCH-CLA$b00$c20200128$lBLL01$h0455
=CAT  \\$aBATCH-CLA$b00$c20201204$lBLL01$h1610
=CAT  \\$aIPL-CLA$c20201231$lBLL01$h2336
=CAT  \\$aBATCH-CLA$b00$c20221221$lBLL01$h1926
=CAT  \\$aIPL-CLA$c20221231$lBLL01$h2320
=CFI  0\$aCurrent Copyright Fee: GBP25.00$c0$e01-jan-2023$fGBP25.00$g0$hA$5Uk
=CFI  2\$aPrevious Copyright Fee: GBP22.50$c0$e01-jan-2021$fGBP22.50$g0$hA$5Uk
=CNF  \\$aMethods and indicators for evaluating the contribution of small-scale aquaculture to sustainable rural development (FAO expert workshop)
=FIN  \\$aY$d20130228
=FMT  \\$a  BK
=LAS  \\$aIPL-CLA$b00$c20221231$lBLL01$h2320
=SID  \\$aZ39$bOCLC
=TCO  \\$aITA$bAIDRO / SIAE$c008

