=LDR  06405cam a22008297a 4500
=001  016289640
=003  Uk
=005  20221231232051.0
=008  110208s2009\\\\it\ab\\\\b\\\i000\0\eng\\
=010  \\$a  2011371276
=020  \\$a9789251064337 (paperback)
=020  \\$a9251064334 (paperback)
=035  \\$a(OCoLC)ocn602737622
=040  \\$aAU@$beng$cAU@$dORE$dAGL$dHMZ$dORE$dCOD$dDLC$dUk
=042  \\$aukblderived
=050  00$aSH331.5.C65$bG46 2009
=070  0\$aSH331.5.G46$bG49 2009
=082  04$a639.2$222
=245  00$aGeographic information systems to support the ecosystem approach to fisheries :$bstatus, opportunities and challenges /$cby Fabio Carocci ... [et al.].
=246  3\$aGIS for EAF
=260  \\$aRome :$bFood and Agriculture Organization of the United Nations,$c2009.
=300  \\$axv, 101 p. :$bill., (some col.), maps ;$c30 cm.
=336  \\$atext$2rdacontent
=337  \\$aunmediated$2rdamedia
=338  \\$avolume$2rdacarrier
=490  1\$aFAO fisheries and aquaculture technical paper,$x2070-7010 ;$v532
=504  \\$aIncludes bibliographical references (p. 77-85).
=520  3\$aThe ecosystem approach to fisheries (EAF) has been developed during the last decade in response to perceived and actual deficiencies in previous methods of management. The EAF recognizes that fish are only one albeit important part of a much wider ecosystem incorporating an array of physical and biological components that humans interact with and exploit. Rather than managing single fish stocks, an EAF is concerned with the impacts of fisheries on the marine ecosystem, the interactions between different fisheries, of fisheries with the aquaculture sector, as well as with other human activities. The Geographic Information System (GIS) is considered an ideal platform upon which to perform necessary information management and decision-support analysis for the implementation of an EAF. This technical paper is primarily intended to be a guide to methods that readers could adopt for their own use of GIS for an EAF and these methods are covered in some detail .The planning considerations for an appropriate GIS in terms of objectives, scope and geographical area are outlined. The practical considerations are discussed and include hardware architecture, various software possibilities, sources and types of data that will be needed, and the array of backup and support that is available. More specifically, in Section 1 of this paper, the conceptual basis underlying EAF is discussed. In Section 2, a four-step participatory ecosystem management planning and implementation process consistent with EAF is recommended by the Food and Agriculture Organization of the United Nations (FAO) and includes: (i) scoping for issues, (ii) setting objectives, (iii) formulating rules and (iv) establishing a monitoring, assessment and review system. In Section 3, the use of GIS is examined beginning with a brief look at its history and development and then reviewing its current application and uses within marine fisheries .In Section 4, the potential use of GIS in a wide range of EAF-related projects is illustrated using examples that focus on mapping, modelling, management and communication. The degree to which GIS is currently being used for EAF implementation is illustrated by four case studies detailed in Section 5. Section 6 proposes a plan for implementation of an EAF using GIS and considers the challenges faced by developing countries in using GIS in fisheries management. Strategies to enhance the role of GIS in EAF are suggested. In conclusion, Section 7 makes recommendations for the adoption of GIS for EAF. The adoption of GIS for an EAF is no easy task and a number of challenges must be faced but GIS for EAF is feasible even in relatively resource-poor situations. The authors hope this paper encourages fishery managers and researchers to explore the many benefits of GIS for managing fisheries in an ecosystem context.
=530  \\$aAlso freely available on the Internet.
=540  \\$aCurrent Copyright Fee: GBP25.00$c0$5Uk
=650  \0$aFisheries$xEnvironmental aspects$xData processing.
=650  \0$aGeographic information systems.
=650  \0$aMarine ecology$xData processing.
=650  \0$aFishery resources$xData processing.
=650  \0$aFishery management$xData processing.
=650  \0$aSustainable fisheries$xData processing.
=700  1\$aCarocci, Fabio.
=710  2\$aFood and Agriculture Organization of the United Nations.
=830  \0$aFAO fisheries and aquaculture technical paper ;$v532.
=852  41$aBritish Library$bSTI$k(P)$hEL 50$m-E(17)$2blsrissc
=852  41$aBritish Library$bSTI$k(TP)$hEL 50$m-E(17)$2blsrissc
=852  41$aBritish Library$bDSC$j3865.629400
=852  41$aBritish Library$bHMNTS$jOPB.9.x.323
=856  41$uhttp://www.fao.org/docrep/012/i1213e/i1213e.pdf$zConnect to paper online
=ACF  \\$aPrevious copyright fee: GBP12.00$c0$e01-jan-2012$fGBP12.00$g0$hA$5Uk
=ACF  \\$aPrevious Copyright Fee: GBP12.30$c0$e01-jan-2014$fGBP12.30$g0$hA$5Uk
=ACF  \\$aPrevious Copyright Fee: GBP15.00$c0$e01-jan-2017$fGBP15.00$g0$hA$5Uk
=ACF  \\$aPrevious Copyright Fee: GBP20.00$c0$e01-jan-2020$fGBP20.00$g0$hA$5Uk
=CAT  \\$a7164$b40$c20130228$lBLL01$h1432
=CAT  \\$aBATCH-CLA$b00$c20130429$lBLL01$h0159
=CAT  \\$aBATCH-CLA$b00$c20130508$lBLL01$h0744
=CAT  \\$aBATCH-CLA$c20131220$lBLL01$h2120
=CAT  \\$aIPL-CLA$c20140101$lBLL01$h0209
=CAT  \\$aBATCH-CLA$b00$c20161222$lBLL01$h1836
=CAT  \\$aIPL-CLA$c20161231$lBLL01$h0009
=CAT  \\$aBATCH-CLA$b00$c20171222$lBLL01$h2213
=CAT  \\$aIPL-CLA$c20171231$lBLL01$h1817
=CAT  \\$aBATCH-CLA$b00$c20191219$lBLL01$h1759
=CAT  \\$aIPL-CLA$c20191231$lBLL01$h2034
=CAT  \\$aR2001-1524$c20200127$lBLL01$h2059
=CAT  \\$aBATCH-CLA$b00$c20200128$lBLL01$h0455
=CAT  \\$aBATCH-CLA$b00$c20201204$lBLL01$h1610
=CAT  \\$aIPL-CLA$c20201231$lBLL01$h2336
=CAT  \\$aBATCH-CLA$b00$c20221221$lBLL01$h1926
=CAT  \\$aIPL-CLA$c20221231$lBLL01$h2320
=CFI  0\$aCurrent Copyright Fee: GBP25.00$c0$e01-jan-2023$fGBP25.00$g0$hA$5Uk
=CFI  2\$aPrevious Copyright Fee: GBP22.50$c0$e01-jan-2021$fGBP22.50$g0$hA$5Uk
=FIN  \\$aY$d20130228
=FMT  \\$a  BK
=LAS  \\$aIPL-CLA$b00$c20221231$lBLL01$h2320
=SRC  \\$aBLL02
=TCO  \\$aITA$bAIDRO / SIAE$c008

