=LDR  03598cam a2200721 a 4500
=001  015246407
=003  Uk
=005  20230924061745.0
=008  090320s2009\\\\it\a\\\\\b\\\o000\0\eng\\
=016  7\$a015246407$2Uk
=020  \\$a9789251061312 (pbk.)
=020  \\$a9251061319 (pbk.)
=035  \\$a(OCoLC)316833225
=040  \\$aBTCTA$cBTCTA$dCOD$dIWA$dOSU$dCDX$dUk
=042  \\$aukblsr
=050  \4$aSH335.5.I5$bG85 2009
=082  04$a664.9497$222
=245  00$aGuidelines for risk-based fish inspection.
=260  \\$aRome :$bFood and Agriculture Organization of the United Nations,$c2009.
=300  \\$aviii, 89 p. :$bill. ;$c30 cm.
=336  \\$atext$2rdacontent
=337  \\$aunmediated$2rdamedia
=338  \\$avolume$2rdacarrier
=490  1\$aFAO food and nutrition paper,$x0254-4725 ;$v90
=504  \\$aIncludes bibliographical references (p. 7).
=505  2\$aIntroduction to the guidelines -- Food safety and fish and fisheries products -- Fishery establishments and technical inspection guidance -- Monitoring the safety of fish and fishery products -- Knowledge and skill requirements for fish inspectors.
=520  \\$aFish and fishery products are nutritious and healthy and are an important source of food and livelihood for many millions of people worldwide. Fish inspection is concerned with ensuring that the consumer has access to safe and nutritious fish and fish products, whether the fish is from domestic sources of supply, imported or to be exported to consumers in another country. The present guidelines will assist fish inspectors to carry out these responsibilities.--Publisher's description.
=530  \\$aAlso available online.
=540  \\$aCurrent Copyright Fee: GBP25.00$c0$5Uk
=650  \0$aFish inspection$vHandbooks, manuals, etc.
=650  \0$aFood adulteration and inspection$vHandbooks, manuals, etc.
=710  2\$aFood and Agriculture Organization of the United Nations.
=830  \0$aFAO food and nutrition paper ;$v90.
=852  11$aBritish Library$bSTI$k(B)$h664.9497$i90
=852  41$aBritish Library$bDSC$j3865.643200$ino. 90
=856  11$uftp://ftp.fao.org/docrep/fao/011/i0468e/i0468e00.pdf$zConnect to online resource
=ACF  \\$aPrevious Copyright Fee: GBP12.30$c0$e01-jan-2014$fGBP12.30$g0$hA$5Uk
=ACF  \\$aPrevious Copyright Fee: GBP15.00$c0$e01-jan-2017$fGBP15.00$g0$hA$5Uk
=ACF  \\$aPrevious Copyright Fee: GBP20.00$c0$e01-jan-2020$fGBP20.00$g0$hA$5Uk
=CAT  \\$a7233$b40$c20090518$lBLL01$h1114
=CAT  \\$a9671$b40$c20090527$lBLL01$h1140
=CAT  \\$aBATCH-CLA$b00$c20140810$lBLL01$h1402
=CAT  \\$aWR16_021$c20160624$lBLL01$h1819
=CAT  \\$aBATCH-CLA$b00$c20160625$lBLL01$h0116
=CAT  \\$aBATCH-CLA$b00$c20161222$lBLL01$h1828
=CAT  \\$aIPL-CLA$c20161230$lBLL01$h2331
=CAT  \\$aBATCH-CLA$b00$c20171222$lBLL01$h2158
=CAT  \\$aIPL-CLA$c20171231$lBLL01$h1752
=CAT  \\$aBATCH-CLA$b00$c20191219$lBLL01$h1752
=CAT  \\$aIPL-CLA$c20191231$lBLL01$h2018
=CAT  \\$aR2001-1524$c20200127$lBLL01$h2044
=CAT  \\$aBATCH-CLA$b00$c20200128$lBLL01$h0413
=CAT  \\$aBATCH-CLA$b00$c20201204$lBLL01$h1601
=CAT  \\$aIPL-CLA$c20201231$lBLL01$h2315
=CAT  \\$aBATCH-CLA$b00$c20221221$lBLL01$h1916
=CAT  \\$aIPL-CLA$c20221231$lBLL01$h2240
=CAT  \\$aW2308-1659$c20230923$lBLL01$h1019
=CAT  \\$aBATCH-CLA$b00$c20230924$lBLL01$h0617
=CFI  0\$aCurrent Copyright Fee: GBP25.00$c0$e01-jan-2023$fGBP25.00$g0$hA$5Uk
=FIN  \\$aY$d20090518
=FMT  \\$a  BK
=LAS  \\$aBATCH-CLA$b00$c20230924$lBLL01$h0617
=SID  \\$aZ39$bOCLC

