=LDR  05079cam a22008177a 4500
=001  013734152
=003  Uk
=005  20230924061745.0
=008  070419s2007\\\\it\ab\\\\b\\\i000\0\eng\d
=020  \\$a9789251056660 (pbk.)
=020  \\$a9251056668 (pbk.)
=035  \\$a(OCoLC)123276679
=040  \\$aOSU$cOSU$dOSU$dCOD$dUk
=245  00$aFire management :$bglobal assessment 2006 : a thematic study prepared in the framework of the Global forest resources assessment 2005.
=260  \\$aRome :$bFood and Agriculture Organization of the United Nations,$c2007.
=300  \\$axii, 156 p. :$bill., map ;$c25 cm.
=336  \\$atext$2rdacontent
=337  \\$aunmediated$2rdamedia
=338  \\$avolume$2rdacarrier
=490  1\$aFAO forestry paper,$x0258-6150 ;$v151
=500  \\$a"In 2005, FAO held a Ministerial Meeting on Forests which called for a strategy to enhance international cooperation in fire management, to which this global assessment of fire management is an important contribution. This study complements the Global Forest Resources Assessment 2005 (FRA 2005) as an in-depth thematic study"--Foreword.
=500  \\$a"TC/M/A0969E/1/02.07/2000"--P. [4] of cover.
=504  \\$aIncludes bibliographical references (p. 119-142).
=505  2\$apt.1. Introduction and global analysis. Introduction -- Global analysis -- pt.2. Regional summaries. Background -- Sub-Saharan Africa -- Caribbean -- Mesoamerica -- North America -- South America -- Central Asia -- Northeast Asia -- South Asia -- Southeast Asia -- Australasia -- Southeast Europe/Caucasus -- Baltic and adjacent countries -- Mediterranean.
=520  \\$aFire management is an essential part of sustainable forest management. This publication complements the Global Forest Resources Assessment 2005 (FRA 2005) as an in-depth thematic study on the incidence, impact and management of forest fires in different regions of the world. It was developed from 12 regional papers prepared within the framework of the Global Wildland Fire Network of the United Nations International Strategy for Disaster Reduction. It provides the best estimate of the global fire situation to date and gives a good indication of the scale of the impact of vegetation fires on society, on the economy and on the environment. This global assessment will be of interest not only to fire specialists, but also to policy-makers, forest managers and those involved in collecting reliable and current information on fire in different types of vegetation. It is an important contribution to FAO's efforts to enhance international cooperation in fire management.--Publisher's description.
=530  \\$aAvailable both in print and online.
=540  \\$aCurrent Copyright Fee: GBP25.00$c0$5Uk
=650  \0$aForests and forestry$xFire management.
=650  \0$aForest reserves$xFire management.
=650  \0$aForest fires$xPrevention and control.
=650  \0$aFire management$xGovernment policy.
=710  2\$aFood and Agriculture Organization of the United Nations.
=740  0\$aGlobal forest resources assessment 2005.
=830  \0$aFAO forestry paper,$x0258-6150 ;$v151
=852  71$aBritish Library$bSTI$k(TP)$hDG 00$m-E(159)$2blsrissc
=852  41$aBritish Library$bDSC$j3865.655000
=852  41$aBritish Library$bHMNTS$jUNF.131A/24
=852  71$aBritish Library$bSTI$k(P)$hDG 00$m-E(159)$2blsrissc
=856  41$uhttp://www.fao.org/docrep/009/a0969e/a0969e00.htm$zClick here to view publication online.
=ACF  \\$aPrevious Copyright Fee: GBP12.30$c0$e01-jan-2014$fGBP12.30$g0$hA$5Uk
=ACF  \\$aPrevious Copyright Fee: GBP15.00$c0$e01-jan-2017$fGBP15.00$g0$hA$5Uk
=CAT  \\$a9504$b40$c20070430$lBLL01$h1211
=CAT  \\$a8197$b40$c20070503$lBLL01$h0938
=CAT  \\$a8197$b40$c20070503$lBLL01$h0939
=CAT  \\$aBATCH$b00$c20091217$lBLL01$h0453
=CAT  \\$aBATCH$b00$c20100103$lBLL01$h1246
=CAT  \\$aBATCH-CLA$b00$c20140810$lBLL01$h1402
=CAT  \\$aBATCH-CLA$b00$c20150314$lBLL01$h0049
=CAT  \\$aBATCH-CLA$b00$c20161222$lBLL01$h1813
=CAT  \\$aIPL-CLA$c20161230$lBLL01$h2215
=CAT  \\$aBATCH-CLA$b00$c20171222$lBLL01$h2136
=CAT  \\$aIPL-CLA$c20171231$lBLL01$h1705
=CAT  \\$aBATCH-CLA$b00$c20191219$lBLL01$h1739
=CAT  \\$aIPL-CLA$c20191231$lBLL01$h1945
=CAT  \\$aR2001-1524$c20200127$lBLL01$h2022
=CAT  \\$aBATCH-CLA$b00$c20200128$lBLL01$h0413
=CAT  \\$aBATCH-CLA$b00$c20201204$lBLL01$h1542
=CAT  \\$aIPL-CLA$c20201231$lBLL01$h2220
=CAT  \\$a7764$b40$c20210521$lBLL01$h1145
=CAT  \\$a7764$b40$c20210521$lBLL01$h1146
=CAT  \\$aBATCH-CLA$b00$c20210522$lBLL01$h0104
=CAT  \\$aBATCH-CLA$b00$c20221221$lBLL01$h1852
=CAT  \\$aIPL-CLA$c20221231$lBLL01$h2136
=CAT  \\$aW2308-1659$c20230923$lBLL01$h1038
=CAT  \\$aBATCH-CLA$b00$c20230924$lBLL01$h0617
=CFI  0\$aCurrent Copyright Fee: GBP25.00$c0$e01-jan-2023$fGBP25.00$g0$hA$5Uk
=FIN  \\$aY$d20070430
=FMT  \\$a  BK
=LAS  \\$aBATCH-CLA$b00$c20230924$lBLL01$h0617
=SID  \\$aZ39$bOCLC
=TCO  \\$aITA$bAIDRO / SIAE$c008

