=LDR  04039cam a22008297a 4500
=001  015538511
=003  Uk
=005  20230924061745.0
=008  091129s2009\\\\it\a\\\\\b\\\\000\0\eng\d
=020  \\$z9789251063279
=020  \\$z9251063273
=020  \\$a9789251063729
=020  \\$a9251063729
=035  \\$a(OCoLC)471824390$z(OCoLC)505421042
=040  \\$aBTCTA$beng$cBTCTA$dPUL$dTXA$dUk
=042  \\$aukblderived
=050  \4$aSK355$b.H852 2009
=245  00$aHuman-wildlife conflict in Africa :$bcauses, consequences and management strategies /$cF. Lamarque ... [et al.].
=260  \\$aRome :$bFood and Agriculture Organization of the United Nations,$c2009.
=300  \\$avii, 98 p. :$bcol. ill. ;$c25 cm.
=336  \\$atext$2rdacontent
=337  \\$aunmediated$2rdamedia
=338  \\$avolume$2rdacarrier
=490  1\$aFAO forestry paper,$x0258-6150 ;$v157
=504  \\$aIncludes bibliographical references (p. 85-96).
=505  2\$aIntroduction -- Human-wildlife conflict : the issues -- Human-wildlife conflict management -- Decisional framework -- Conclusion.
=520  \\$aConflicts between humans and wildlife have occurred since the dawn of humanity. In Africa, these conflicts have become more frequent and severe over recent decades as a result of human population growth, extension of transport routes and expansion of agricultural and industrial activities which together have led to increased human encroachment on previously wild and uninhabited areas. With a focus on large herbivores and carnivores such as elephant, lions and crocodiles, this book presents the issues, describes different methods of conflict management and outlines a three-step framework for decision making.--Publisher's description.
=530  \\$aAlso available online.
=540  \\$aCurrent Copyright Fee: GBP25.00$c0$5Uk
=650  \0$aWildlife management$zAfrica.
=650  \0$aAnimal attacks$zAfrica.
=650  \0$aHuman-animal relationships$zAfrica.
=700  1\$aLamarque, François.
=710  2\$aFood and Agriculture Organization of the United Nations.
=830  \0$aFAO forestry paper ;$v157.
=852  71$aBritish Library$bSTI$k(TP)$hDG 00$m-E(159)$2blsrissc
=852  41$aBritish Library$bDSC$j3865.655000
=852  41$aBritish Library$bHMNTS$jUNF.131A/24
=852  71$aBritish Library$bSTI$k(P)$hDG 00$m-E(159)$2blsrissc
=856  11$uftp://ftp.fao.org/docrep/fao/012/i1048e/i1048e00.pdf$zConnect to online resource
=ACF  \\$aPrevious Copyright Fee: GBP12.30$c0$e01-jan-2014$fGBP12.30$g0$hA$5Uk
=CAT  \\$a8411$b40$c20100423$lBLL01$h1429
=CAT  \\$a8411$b40$c20100423$lBLL01$h1430
=CAT  \\$aBATCH-CLA$b00$c20140810$lBLL01$h1402
=CAT  \\$aBATCH-CLA$b00$c20150314$lBLL01$h0050
=CAT  \\$aBATCH-UPD$b00$c20150314$lBLL01$h0129
=CAT  \\$aBATCH-CLA$b00$c20161222$lBLL01$h1831
=CAT  \\$aIPL-CLA$c20161230$lBLL01$h2342
=CAT  \\$aBATCH-CLA$b00$c20171222$lBLL01$h2202
=CAT  \\$aIPL-CLA$c20171231$lBLL01$h1800
=CAT  \\$aBATCH-UPD$b00$c20180811$lBLL01$h1715
=CAT  \\$aBATCH-CLA$b00$c20180812$lBLL01$h0102
=CAT  \\$aBATCH-CLA$b00$c20191219$lBLL01$h1754
=CAT  \\$aIPL-CLA$c20191231$lBLL01$h2022
=CAT  \\$aR2001-1524$c20200127$lBLL01$h2048
=CAT  \\$aBATCH-CLA$b00$c20200128$lBLL01$h0413
=CAT  \\$aBATCH-CLA$b00$c20201204$lBLL01$h1604
=CAT  \\$aIPL-CLA$c20201231$lBLL01$h2321
=CAT  \\$a7764$b40$c20210521$lBLL01$h1430
=CAT  \\$aBATCH-CLA$b00$c20210522$lBLL01$h0104
=CAT  \\$a7764$b40$c20210526$lBLL01$h1043
=CAT  \\$aBATCH-CLA$b00$c20210527$lBLL01$h0107
=CAT  \\$aBATCH-CLA$b00$c20221221$lBLL01$h1919
=CAT  \\$aIPL-CLA$c20221231$lBLL01$h2252
=CAT  \\$aW2308-1659$c20230923$lBLL01$h1055
=CAT  \\$aBATCH-CLA$b00$c20230924$lBLL01$h0617
=CFI  0\$aCurrent Copyright Fee: GBP25.00$c0$e01-jan-2023$fGBP25.00$g0$hA$5Uk
=FIN  \\$aY$d20100423
=FMT  \\$a  BK
=LAS  \\$aBATCH-CLA$b00$c20230924$lBLL01$h0617
=SID  \\$aZ39$bOCLC
=TCO  \\$aITA$bAIDRO / SIAE$c008

