=LDR  04280cam a22007937a 4500
=001  015771105
=003  Uk
=005  20221231230328.0
=007  cr\|||||||||||
=008  101110s2010\\\\it\a\\\\\b\\\i000\0\eng\d
=020  \\$a9789251066539
=020  \\$a9251066531
=035  \\$a(OCoLC)681488700
=040  \\$aBTCTA$beng$cBTCTA$dTXA$dAGL$dCOD$dYDXCP$dWAU$dUk
=042  \\$aukblderived
=070  0\$aTP324$b.W53 2010
=245  00$aWhat woodfuels can do to mitigate climate change.
=260  \\$aRome :$bFood and Agriculture Organization of the United Nations,$c2010.
=300  \\$axi, 83 p. :$bill. ;$c25 cm.
=336  \\$atext$2rdacontent
=337  \\$acomputer$2rdamedia
=338  \\$aonline resource$2rdacarrier
=490  1\$aFAO forestry paper,$x0258-6150 ;$v162
=500  \\$a"Prepared by the Stockholm Environment Institute."--Acknowledgements
=504  \\$aIncludes bibliographical references (p. 77-83).
=505  2\$aForest resources and woody biomass -- National, regional and global markets for woodfuels -- Future trends in energy, climate and woodfuel use -- Climate change mitigation potential of woodfuels -- Socio-economic impacts -- Environmental impacts -- Sustainability certification -- Carbon finance for woodfuels -- Research, development, demonstration and deployment.
=520  \\$a"Climate change can be mitigated in several ways, but most strategies emphasize reducing greenhouse gas emissions by reducing energy use and switching to energy sources that are less carbon intensive than fossil fuels. This publication explores the scope, potential and implications for using woodfuels to replace fossil fuels and thereby contribute to climate change mitigation. It analyses the current woodfuel offset mechanisms in place and their relative emission reduction potentials. The scope is limited to solid woodfuels (fuelwood, charcoal, prepared biomass such as woodchips and pellets, and recovered products or residues from wood processing industries)."--Back cover
=530  \\$aAlso freely available online.
=540  \\$aCurrent Copyright Fee: GBP25.00$c0$5Uk
=650  \0$aFuelwood$xBurning$xEnvironmental aspects.
=650  \0$aClimate change mitigation.
=710  2\$aFood and Agriculture Organization of the United Nations.
=710  2\$aStockholm Environment Institute.
=830  \0$aFAO forestry paper ;$v162.
=852  71$aBritish Library$bSTI$k(TP)$hDG 00$m-E(159)$2blsrissc
=852  41$aBritish Library$bDSC$j3865.655000
=852  41$aBritish Library$bHMNTS$jUNF.131A/24
=852  71$aBritish Library$bSTI$k(P)$hDG 00$m-E(159)$2blsrissc
=856  41$uhttp://www.fao.org/docrep/013/i1756e/i1756e00.pdf$zConnect to online version
=ACF  \\$aPrevious Copyright Fee: GBP12.30$c0$e01-jan-2014$fGBP12.30$g0$hA$5Uk
=ACF  \\$aPrevious Copyright Fee: GBP15.00$c0$e01-jan-2017$fGBP15.00$g0$hA$5Uk
=ACF  \\$aPrevious Copyright Fee: GBP20.00$c0$e01-jan-2020$fGBP20.00$g0$hA$5Uk
=CAT  \\$a8197$b40$c20110315$lBLL01$h1149
=CAT  \\$aBATCH-CLA$b00$c20120928$lBLL01$h1826
=CAT  \\$aBATCH-CLA$b00$c20120930$lBLL01$h1029
=CAT  \\$aBATCH-CLA$b00$c20130508$lBLL01$h0712
=CAT  \\$aBATCH-CLA$c20131220$lBLL01$h2111
=CAT  \\$aIPL-CLA$c20140101$lBLL01$h0143
=CAT  \\$aBATCH-UPD$b00$c20160706$lBLL01$h1617
=CAT  \\$aBATCH-CLA$b00$c20160707$lBLL01$h0111
=CAT  \\$aBATCH-CLA$b00$c20161222$lBLL01$h1832
=CAT  \\$aIPL-CLA$c20161230$lBLL01$h2352
=CAT  \\$aBATCH-CLA$b00$c20171222$lBLL01$h2207
=CAT  \\$aIPL-CLA$c20171231$lBLL01$h1806
=CAT  \\$aBATCH-CLA$b00$c20191219$lBLL01$h1756
=CAT  \\$aIPL-CLA$c20191231$lBLL01$h2027
=CAT  \\$aR2001-1524$c20200127$lBLL01$h2052
=CAT  \\$aBATCH-CLA$b00$c20200128$lBLL01$h0413
=CAT  \\$aBATCH-CLA$b00$c20201204$lBLL01$h1606
=CAT  \\$aIPL-CLA$c20201231$lBLL01$h2327
=CAT  \\$aBATCH-CLA$b00$c20221221$lBLL01$h1922
=CAT  \\$aIPL-CLA$c20221231$lBLL01$h2303
=CFI  0\$aCurrent Copyright Fee: GBP25.00$c0$e01-jan-2023$fGBP25.00$g0$hA$5Uk
=CFI  2\$aPrevious Copyright Fee: GBP22.50$c0$e01-jan-2021$fGBP22.50$g0$hA$5Uk
=FIN  \\$aY$d20110315
=FMT  \\$a  BK
=LAS  \\$aIPL-CLA$b00$c20221231$lBLL01$h2303
=SID  \\$aZ39$bOCLC
=TCO  \\$aITA$bAIDRO / SIAE$c008

