=LDR  07288cam a22008777a 4500
=001  015793395
=003  Uk
=005  20221231230437.0
=008  110131s2010\\\\it\ab\\\\b\\\i000\0\eng\d
=020  \\$a9789251066713
=020  \\$a925106671X
=035  \\$a(OCoLC)699486065
=040  \\$aNz$cNZDUS$dORE$dAGL$dCOD$dUk
=042  \\$aukblderived
=043  \\$afb-----
=050  \4$aSH1$b.F539 no.550
=070  0\$aSH312.A357$bA34 2010
=100  1\$aAkande, Gbola.
=245  10$aPost-harvest losses in small-scale fisheries :$bcase studies in five sub-Saharan African countries /$cby Gbola Akande and Yvette Diei-Ouadi.
=246  3\$aPostharvest losses in small-scale fisheries
=260  \\$aRome :$bFood and Agriculture Organization of the United Nations,$c2010.
=300  \\$axiii, 72 p. :$bill. (chiefly col.), map ;$c25 cm.
=336  \\$atext$2rdacontent
=337  \\$aunmediated$2rdamedia
=338  \\$avolume$2rdacarrier
=490  1\$aFAO fisheries and aquaculture technical paper,$x2070-7010 ;$v550
=504  \\$aIncludes bibliographical references (p. 47-48).
=505  2\$aMethodology -- Key data on fish losses -- Loss reduction intervention initiatives -- Additional outputs of the PHLA.
=520  3\$aIn 2006, the Products, Trade and Marketing Service of the Fisheries and Aquaculture Department (formerly the Fish Utilization and Marketing Service) in FAO designed a regional post-harvest loss assessment (PHLA) programme to: [1] develop a core of regional experts in fish loss assessment; [2] generate fish loss data in fisheries of socio-economic importance; [3] produce practical guides for fish loss assessment for extension officers and fishery operators; [4] update the Ward and Jeffries (2000) manual; and [5] provide normative guidance to support the implementation of the FAO Code of Conduct for Responsible Fisheries. This regional programme began in October 2006 and lasted 18 months. It aimed to build on past initiatives and develop tools for practical loss assessment in artisanal fisheries. .The programme provided capacity building for fishery officers in qualitative and quantitative fish loss assessments methods, planned support, and supervised the implementation of loss assessment studies in five sub-Saharan African countries (Ghana, Kenya, Mali, United Republic of Tanzania and Uganda). Data were generated on quality and physical losses - the main types of losses identified - and quantified by researchers using three assessment methods. The fieldwork indicates that post-harvest fish losses in small-scale fisheries occur at all stages in the fish supply chain from capture to consumer. Huge physical and quality losses were found to occur in some supply chains assessed in all the countries, with quality losses reported to account for more than 70 percent of total losses. .Concurring data are that physical losses seldom exceed 5 percent in some fisheries, but the findings from assessments of the Lake Victoria sardine (Rastrineobola argentea) fishery indicate much higher losses are occurring during the rainy season when poor drying conditions prevail. Although the nutritional losses and human health problems were not the focus of the study, it can be easily admitted that these financial losses add to the food safety and quality concerns in small pelagic species (such as anchovies in Ghana), which form a noticeable part of the landings in question and are known to be prone to histamine accumulation under conducive uncontrolled time/temperature conditions. To try and reduce or prevent losses, various coping strategies are used by fishermen, processors and traders with varying degrees of success. .Despite these, as has been demonstrated by the study, losses still occur, hence the need for careful and continued technical and policy initiatives by international and national agencies. Balancing technical interventions to improve fish quality with the potential increase in selling prices, associated with better quality fish with the demand for cheaper fish by low income consumers, is an important dilemma. In this situation, a policy intervention to encourage access to alternative cheap proteins to improve the food security of low income consumers would help mitigate any downbeat effects from price increases. In conclusion, governments and development agencies should ensure that changes in post-harvest fisheries-related policy and practices take stock of the loss assessment tools, information generated and experience of the programme. Fish loss assessments should be incorporated into national data collection systems and used regularly to inform policy.
=530  \\$aAlso freely available online.
=540  \\$aCurrent Copyright Fee: GBP25.00$c0$5Uk
=650  \0$aFish handling$zAfrica, Sub-Saharan.
=650  \0$aFishes$xTransportation$zAfrica, Sub-Saharan.
=650  \0$aFisheries$zAfrica, Sub-Saharan.
=650  \0$aFisheries$xCatch effort$zAfrica, Sub-Saharan.
=650  \0$aFisheries$zAfrica, Sub-Saharan$xEquipment and supplies.
=650  \0$aFishery technology$zAfrica, Sub-Saharan.
=650  \0$aFishery management$zAfrica, Sub-Saharan.
=700  1\$aDiei-Ouadi, Yvette.
=710  2\$aFood and Agriculture Organization of the United Nations.
=776  1\$tPost-harvest losses in small-scale fisheries$w(OCoLC)709891050
=830  \0$aFAO fisheries and aquaculture technical paper ;$v550.
=852  41$aBritish Library$bSTI$k(P)$hEL 50$m-E(17)$2blsrissc
=852  41$aBritish Library$bSTI$k(TP)$hEL 50$m-E(17)$2blsrissc
=852  41$aBritish Library$bDSC$j3865.629400
=852  41$aBritish Library$bHMNTS$jOPB.9.x.323
=856  41$uhttp://www.fao.org/docrep/013/i1798e/i1798e.pdf$zConnect to online version
=ACF  \\$aPrevious copyright fee: GBP12.00$c0$e01-jan-2012$fGBP12.00$g0$hA$5Uk
=ACF  \\$aPrevious Copyright Fee: GBP12.30$c0$e01-jan-2014$fGBP12.30$g0$hA$5Uk
=ACF  \\$aPrevious Copyright Fee: GBP15.00$c0$e01-jan-2017$fGBP15.00$g0$hA$5Uk
=ACF  \\$aPrevious Copyright Fee: GBP20.00$c0$e01-jan-2020$fGBP20.00$g0$hA$5Uk
=CAT  \\$a7233$b40$c20110418$lBLL01$h1524
=CAT  \\$aBATCH-CLA$b00$c20120928$lBLL01$h1841
=CAT  \\$aBATCH-CLA$b00$c20120930$lBLL01$h1055
=CAT  \\$aBATCH-CLA$b00$c20130508$lBLL01$h0744
=CAT  \\$aBATCH-CLA$c20131220$lBLL01$h2111
=CAT  \\$aIPL-CLA$c20140101$lBLL01$h0145
=CAT  \\$aBATCH-CLA$b00$c20161222$lBLL01$h1833
=CAT  \\$aIPL-CLA$c20161230$lBLL01$h2353
=CAT  \\$aBATCH-CLA$b00$c20171222$lBLL01$h2207
=CAT  \\$aIPL-CLA$c20171231$lBLL01$h1807
=CAT  \\$aBATCH-CLA$b00$c20191219$lBLL01$h1756
=CAT  \\$aIPL-CLA$c20191231$lBLL01$h2027
=CAT  \\$aR2001-1524$c20200127$lBLL01$h2053
=CAT  \\$aBATCH-CLA$b00$c20200128$lBLL01$h0455
=CAT  \\$aBATCH-CLA$b00$c20201204$lBLL01$h1606
=CAT  \\$aIPL-CLA$c20201231$lBLL01$h2327
=CAT  \\$aBATCH-CLA$b00$c20221221$lBLL01$h1922
=CAT  \\$aIPL-CLA$c20221231$lBLL01$h2304
=CFI  0\$aCurrent Copyright Fee: GBP25.00$c0$e01-jan-2023$fGBP25.00$g0$hA$5Uk
=CFI  2\$aPrevious Copyright Fee: GBP22.50$c0$e01-jan-2021$fGBP22.50$g0$hA$5Uk
=FIN  \\$aY$d20110418
=FMT  \\$a  BK
=LAS  \\$aIPL-CLA$b00$c20221231$lBLL01$h2304
=SID  \\$aZ39$bOCLC
=TCO  \\$aITA$bAIDRO / SIAE$c008

