=LDR  04616cam a22008417a 4500
=001  016019031
=003  Uk
=005  20221231231201.0
=008  100121s2009\\\\it\\\\\\\b\\\\000\0\eng\d
=010  \\$a  2009661935
=020  \\$a9789251063347 (pbk.)
=020  \\$a9251063346 (pbk.)
=035  \\$a(OCoLC)ocn496108451
=040  \\$aEQF$cEQF$dCOD$dIUL$dBTCTA$dCUS$dWAU$dAGL$dDLC$dUk
=042  \\$aukblcatcopy
=050  00$aSH136.S88$bE58 2009
=070  0\$aSH136.S88$bE58 2009
=245  00$aEnvironmental impact assessment and monitoring in aquaculture :$brequirements, practices, effectiveness and improvements /$cby Aquaculture Management and Conservation Service, Fisheries and Aquaculture Management Division, FAO Fisheries and Aquaculture Department.
=260  \\$aRome :$bFood and Agriculture Organization of the United States,$c2009.
=300  \\$axxiii, 57 p. ;$c30 cm. +$e1 CD-ROM (4 3/4 in.).
=336  \\$atext$2rdacontent
=337  \\$aunmediated$2rdamedia
=338  \\$avolume$2rdacarrier
=490  1\$aFAO fisheries and aquaculture technical paper ;$v527
=504  \\$aIncludes bibliographical references.
=505  2\$aReviews and synthesis -- Workshop report -- Towards policy guidelines -- Appendices.
=520  3\$aThis report includes four regional reviews on environmental impact assessment (EIA) and monitoring in aquaculture in Africa, Asia-Pacific, Europe, Latin America and North America; a special study on EIA as applied to salmon aquaculture; and a global review and synthesis report which draw on the findings of the review papers, covering relevant information from more than 35 countries. In addition, this document provides the report of a workshop on the subject held at FAO headquarters in Rome in September 2008. The print document includes the contents, abstract, list of contributors, executive summary and the global review; in addition, the regional reviews, workshop report and appendices (over 600 pages in total) are provided in PDF in the accompanying CD-ROM.--Publisher's description.
=522  \\$aAfrica; Asia-Pacific; Europe; North America; Latin America.
=530  \\$aAlso available online.
=540  \\$aCurrent Copyright Fee: GBP25.00$c0$5Uk
=650  \0$aFisheries$xMonitoring.
=650  \0$aAquaculture$xEnvironmental aspects.
=650  \0$aEnvironmental impact analysis.
=650  \0$aSustainable aquaculture.
=710  2\$aFood and Agriculture Organization of the United Nations.
=710  2\$aFAO Fisheries and Aquaculture Dept.$bAquaculture Management and Conservation Service.
=830  \0$aFAO fisheries and aquaculture technical paper ; v 527.
=852  41$aBritish Library$bSTI$k(P)$hEL 50$m-E(17)$2blsrissc
=852  41$aBritish Library$bSTI$k(TP)$hEL 50$m-E(17)$2blsrissc
=852  41$aBritish Library$bDSC$j3865.629400
=852  41$aBritish Library$bHMNTS$jOPB.9.x.323
=856  41$uhttp://www.fao.org/docrep/012/i0970e/i0970e00.htm$zConnect to online resource
=ACF  \\$aPrevious copyright fee: GBP12.00$c0$e01-jan-2012$fGBP12.00$g0$hA$5Uk
=ACF  \\$aPrevious Copyright Fee: GBP12.30$c0$e01-jan-2014$fGBP12.30$g0$hA$5Uk
=ACF  \\$aPrevious Copyright Fee: GBP15.00$c0$e01-jan-2017$fGBP15.00$g0$hA$5Uk
=ACF  \\$aPrevious Copyright Fee: GBP20.00$c0$e01-jan-2020$fGBP20.00$g0$hA$5Uk
=CAT  \\$a7164$b40$c20120131$lBLL01$h1147
=CAT  \\$a7164$b40$c20120131$lBLL01$h1249
=CAT  \\$a7164$b40$c20120131$lBLL01$h1528
=CAT  \\$aBATCH-CLA$b00$c20120928$lBLL01$h1841
=CAT  \\$aBATCH-CLA$b00$c20120930$lBLL01$h1055
=CAT  \\$aBATCH-CLA$b00$c20130508$lBLL01$h0744
=CAT  \\$aBATCH-CLA$c20131220$lBLL01$h2115
=CAT  \\$aIPL-CLA$c20140101$lBLL01$h0156
=CAT  \\$aBATCH-CLA$b00$c20161222$lBLL01$h1834
=CAT  \\$aIPL-CLA$c20161231$lBLL01$h0000
=CAT  \\$aBATCH-CLA$b00$c20171222$lBLL01$h2210
=CAT  \\$aIPL-CLA$c20171231$lBLL01$h1811
=CAT  \\$aBATCH-CLA$b00$c20191219$lBLL01$h1757
=CAT  \\$aIPL-CLA$c20191231$lBLL01$h2030
=CAT  \\$aR2001-1524$c20200127$lBLL01$h2055
=CAT  \\$aBATCH-CLA$b00$c20200128$lBLL01$h0455
=CAT  \\$aBATCH-CLA$b00$c20201204$lBLL01$h1608
=CAT  \\$aIPL-CLA$c20201231$lBLL01$h2331
=CAT  \\$aBATCH-CLA$b00$c20221221$lBLL01$h1924
=CAT  \\$aIPL-CLA$c20221231$lBLL01$h2312
=CFI  0\$aCurrent Copyright Fee: GBP25.00$c0$e01-jan-2023$fGBP25.00$g0$hA$5Uk
=CFI  2\$aPrevious Copyright Fee: GBP22.50$c0$e01-jan-2021$fGBP22.50$g0$hA$5Uk
=FIN  \\$aY$d20120131
=FMT  \\$a  BK
=LAS  \\$aIPL-CLA$b00$c20221231$lBLL01$h2312
=SRC  \\$aBLL02
=TCO  \\$aITA$bAIDRO / SIAE$c008

