=LDR  04722cam a2200865 a 4500
=001  016019155
=003  Uk
=005  20221231231201.0
=008  100910s2009\\\\it\\\\\\\b\\\i000\0\eng\d
=010  \\$a  2010499062
=020  \\$a9789251064214 (pbk.)
=020  \\$a9251064210 (pbk.)
=035  \\$a(OCoLC)ocn658163437
=040  \\$aNLGGC$cNLGGC$dAGL$dUAB$dC#P$dORE$dCOD$dDLC$dUk
=042  \\$aukblcatcopy
=050  00$aSH156$b.T33 2009
=100  10$aTacon, Albert G. J.
=245  10$aFeed ingredients and fertilizers for farmed aquatic animals :$bsources and composition /$cby Albert G.J. Tacon, Marc Metian and Mohammad R. Hasan.
=260  \\$aRome :$bFood and Agriculture Organization of the United Nations,$c2009.
=300  \\$aix, 209 p. ;$c30 cm.
=336  \\$atext$2rdacontent
=337  \\$aunmediated$2rdamedia
=338  \\$avolume$2rdacarrier
=490  1\$aFAO fisheries and aquaculture technical paper,$x2070-7010 ;$v540
=504  \\$aIncludes bibliographical references (p. 143-209).
=505  2\$aIntroduction -- Principles of feed ingredient and fertilizer analysis -- Feed terms and ingredient classification -- Ingredient sources, composition and reported usage -- Contaminants -- Ingredient profiles and dietary inclusion levels -- Conclusion.
=520  \\$aPresents an overview of the major feed ingredient sources and feed additives commonly used within industrially compounded aquafeeds, including feed ingredient sources commonly used within farm-made aquafeeds, and major fertilizers and manures used in aquaculture for live food production. Information is provided concerning the proximate and essential amino acid composition of common feed ingredient sources, as well as recommended quality criteria and relative nutritional merits and limitations, together with a bibliography of published feeding studies for major feed ingredient sources by cultured species. Major feed ingredient and fertilizer groupings discussed include: animal protein sources, plant protein sources, single cell protein sources, lipid sources, other plant ingredients, feed additives, and fertilizers and manures.--Publisher's description.
=530  \\$aAlso freely available online.
=540  \\$aCurrent Copyright Fee: GBP25.00$c0$5Uk
=650  \0$aFishes$xFeeding and feeds.
=650  \0$aCrustacea$xFeeding and feeds.
=650  \0$aHatchery fishes$xFeeding and feeds.
=650  \0$aHatchery fishes$xFeeding and feeds$xComposition.
=650  \0$aHatchery fishes$xNutrition.
=650  \0$aAquaculture.
=700  1\$aMetian, Marc.
=700  1\$aHasan, Mohammad R.
=710  2\$aFood and Agriculture Organization of the United Nations.
=830  \0$aFAO fisheries and aquaculture technical paper ;$v540.
=852  41$aBritish Library$bSTI$k(P)$hEL 50$m-E(17)$2blsrissc
=852  41$aBritish Library$bSTI$k(TP)$hEL 50$m-E(17)$2blsrissc
=852  41$aBritish Library$bDSC$j3865.629400
=852  41$aBritish Library$bHMNTS$jOPB.9.x.323
=856  41$uhttp://www.fao.org/docrep/012/i1142e/i1142e.pdf$zConnect to online version
=ACF  \\$aPrevious copyright fee: GBP12.00$c0$e01-jan-2012$fGBP12.00$g0$hA$5Uk
=ACF  \\$aPrevious Copyright Fee: GBP12.30$c0$e01-jan-2014$fGBP12.30$g0$hA$5Uk
=ACF  \\$aPrevious Copyright Fee: GBP15.00$c0$e01-jan-2017$fGBP15.00$g0$hA$5Uk
=ACF  \\$aPrevious Copyright Fee: GBP20.00$c0$e01-jan-2020$fGBP20.00$g0$hA$5Uk
=CAT  \\$a7164$b40$c20120131$lBLL01$h1349
=CAT  \\$a7164$b40$c20120131$lBLL01$h1522
=CAT  \\$aBATCH-CLA$b00$c20120928$lBLL01$h1841
=CAT  \\$aBATCH-CLA$b00$c20120930$lBLL01$h1055
=CAT  \\$aBATCH-CLA$b00$c20130508$lBLL01$h0744
=CAT  \\$aBATCH-CLA$c20131220$lBLL01$h2115
=CAT  \\$aIPL-CLA$c20140101$lBLL01$h0156
=CAT  \\$aBATCH-UPD$b00$c20140918$lBLL01$h1603
=CAT  \\$aBATCH-CLA$b00$c20161222$lBLL01$h1834
=CAT  \\$aIPL-CLA$c20161231$lBLL01$h0000
=CAT  \\$aBATCH-CLA$b00$c20171222$lBLL01$h2210
=CAT  \\$aIPL-CLA$c20171231$lBLL01$h1811
=CAT  \\$aBATCH-CLA$b00$c20191219$lBLL01$h1757
=CAT  \\$aIPL-CLA$c20191231$lBLL01$h2030
=CAT  \\$aR2001-1524$c20200127$lBLL01$h2055
=CAT  \\$aBATCH-CLA$b00$c20200128$lBLL01$h0455
=CAT  \\$aBATCH-CLA$b00$c20201204$lBLL01$h1608
=CAT  \\$aIPL-CLA$c20201231$lBLL01$h2331
=CAT  \\$aBATCH-CLA$b00$c20221221$lBLL01$h1924
=CAT  \\$aIPL-CLA$c20221231$lBLL01$h2312
=CFI  0\$aCurrent Copyright Fee: GBP25.00$c0$e01-jan-2023$fGBP25.00$g0$hA$5Uk
=CFI  2\$aPrevious Copyright Fee: GBP22.50$c0$e01-jan-2021$fGBP22.50$g0$hA$5Uk
=FIN  \\$aY$d20120131
=FMT  \\$a  BK
=LAS  \\$aIPL-CLA$b00$c20221231$lBLL01$h2312
=SRC  \\$aBLL02
=TCO  \\$aITA$bAIDRO / SIAE$c008

