=LDR  05075cam a22009734a 4500
=001  016019191
=003  Uk
=005  20221231231201.0
=008  111006s2009\\\\it\ab\\\\b\\\i100\0\eng\c
=010  \\$a  2011503261
=020  \\$a9789251063477 (pbk.)
=020  \\$a9251063478 (pbk.)
=035  \\$a(OCoLC)ocn495781781
=040  \\$aBTCTA$beng$cBTCTA$dAGL$dWAU$dCOD$dYDXCP$dCOD$dDLC$dUk
=042  \\$aukblderived
=050  00$aSH343.3$b.C54 2009
=245  00$aClimate change implications for fisheries and aquaculture :$boverview of current scientific knowledge /$cedited by Kevern Cochrane ... [et al.].
=260  \\$aRome :$bFood and Agriculture Organization of the United Nations,$c2009.
=300  \\$av, 212 p. :$bill. (some col.), maps (some col.) ;$c30 cm.
=336  \\$atext$2rdacontent
=337  \\$aunmediated$2rdamedia
=338  \\$avolume$2rdacarrier
=490  1\$aFAO fisheries and aquaculture technical paper,$x2070-7010 ;$v530
=500  \\$aThree technical papers that were presented and discussed during the Expert Workshop on Climate Change Implications for Fisheries and Aquaculture (Rome, 7-9 Apr. 2008).
=504  \\$aIncludes bibliographical references.
=505  0\$aPhysical and ecological impacts of climate change relevant to marine and inland capture fisheries and aquaculture / M. Barange and R.I. Perry -- Climate change and capture fisheries : potential impacts, adaptation, and mitigation / T. Daw ... [et al.] -- Climate change and aquaculture : potential impacts, adaptation, and mitigation / S.S. De Silva and D. Soto.
=520  \\$aThis document provides an overview of the current scientific knowledge available on climate change implications for fisheries and aquaculture.--Publisher's description.
=530  \\$aAlso freely available online.
=540  \\$aCurrent Copyright Fee: GBP25.00$c0$5Uk
=591  \\$aPapers.
=650  \0$aFisheries$xClimatic factors$vCongresses.
=650  \0$aAquaculture$xClimatic factors$vCongresses.
=653  1\$aFAO
=653  1\$aClimate change
=700  1\$aCochrane, K. L.
=700  1\$aPerry, Richard Ian,$d1955-
=700  1\$aDaw, Tim M.
=700  1\$aSoto, Doris.
=700  12$aBarange, Manuel,$d1961-$tPhysical and ecological impacts of climate change relevant to marine and inland capture fisheries and aquaculture.
=700  12$aDe Silva, Sena S.$tClimate change and aquaculture.
=710  2\$aFood and Agriculture Organization of the United Nations.
=711  2\$aFAO Expert Workshop on Climate Change Implications for Fisheries and Aquaculture$d(2008 :$cRome, Italy)
=730  02$aClimate change and capture fisheries.
=740  02$aPhysical and ecological impacts of climate change relevant to marine and inland capture fisheries and aquaculture.
=740  02$aClimate change and aquaculture.
=830  \0$aFAO fisheries and aquaculture technical paper ;$v530.
=852  41$aBritish Library$bSTI$k(P)$hEL 50$m-E(17)$2blsrissc
=852  41$aBritish Library$bSTI$k(TP)$hEL 50$m-E(17)$2blsrissc
=852  41$aBritish Library$bDSC$j3865.629400
=852  41$aBritish Library$bHMNTS$jOPB.9.x.323
=856  11$uftp://ftp.fao.org/docrep/fao/012/i0994e/i0994e.pdf$zConnect to online version
=945  \\$aFAO fisheries and aquaculture technical paper, ISSN 2070-7010 ; no 530 2009
=ACF  \\$aPrevious copyright fee: GBP12.00$c0$e01-jan-2012$fGBP12.00$g0$hA$5Uk
=ACF  \\$aPrevious Copyright Fee: GBP12.30$c0$e01-jan-2014$fGBP12.30$g0$hA$5Uk
=ACF  \\$aPrevious Copyright Fee: GBP15.00$c0$e01-jan-2017$fGBP15.00$g0$hA$5Uk
=ACF  \\$aPrevious Copyright Fee: GBP20.00$c0$e01-jan-2020$fGBP20.00$g0$hA$5Uk
=CAT  \\$a7164$b40$c20120131$lBLL01$h1413
=CAT  \\$a7164$b40$c20120201$lBLL01$h0734
=CAT  \\$a13041$b40$c20120202$lBLL01$h1148
=CAT  \\$aBATCH-CLA$b00$c20120928$lBLL01$h1841
=CAT  \\$aBATCH-CLA$b00$c20120930$lBLL01$h1055
=CAT  \\$aBATCH-CLA$b00$c20130508$lBLL01$h0744
=CAT  \\$aBATCH-CLA$c20131220$lBLL01$h2115
=CAT  \\$aIPL-CLA$c20140101$lBLL01$h0156
=CAT  \\$aBATCH-CLA$b00$c20161222$lBLL01$h1834
=CAT  \\$aIPL-CLA$c20161231$lBLL01$h0000
=CAT  \\$aBATCH-CLA$b00$c20171222$lBLL01$h2210
=CAT  \\$aIPL-CLA$c20171231$lBLL01$h1811
=CAT  \\$aBATCH-CLA$b00$c20191219$lBLL01$h1757
=CAT  \\$aIPL-CLA$c20191231$lBLL01$h2030
=CAT  \\$aR2001-1524$c20200127$lBLL01$h2055
=CAT  \\$aBATCH-CLA$b00$c20200128$lBLL01$h0455
=CAT  \\$aBATCH-CLA$b00$c20201204$lBLL01$h1608
=CAT  \\$aIPL-CLA$c20201231$lBLL01$h2331
=CAT  \\$aBATCH-CLA$b00$c20221221$lBLL01$h1924
=CAT  \\$aIPL-CLA$c20221231$lBLL01$h2312
=CFI  0\$aCurrent Copyright Fee: GBP25.00$c0$e01-jan-2023$fGBP25.00$g0$hA$5Uk
=CFI  2\$aPrevious Copyright Fee: GBP22.50$c0$e01-jan-2021$fGBP22.50$g0$hA$5Uk
=CNF  \\$aClimate change implications for fisheries and aquaculture (Expert workshop)$d(2008 Apr :$cRome)
=FIN  \\$aY$d20120202
=FMT  \\$a  BK
=LAS  \\$aIPL-CLA$b00$c20221231$lBLL01$h2312
=SRC  \\$aBLL02
=TCO  \\$aITA$bAIDRO / SIAE$c008

