=LDR  05561cam a22008297a 4500
=001  016124526
=003  Uk
=005  20221231231619.0
=008  120530s2011\\\\it\ab\\\\b\\\i000\0\eng\d
=020  \\$a9789251070239 (pbk.)
=020  \\$a9251070237
=035  \\$a(OCoLC)794521573
=040  \\$aOLA$cOLA$dORE$dCUS$dCUV$dBTCTA$dAGL$dWAU$dUk
=042  \\$aukblderived
=050  \4$aSH327.5$b.R49 2011
=070  0\$aSH327.5$b.R49 2011
=082  04$a639.22$223$qUK-WkNB
=245  00$aReview of the state of world marine fishery resources /$cMarine and Inland Fisheries Service, Fisheries and Aquaculture Resources Use and Conservation Division, FAO Fisheries and Aquaculture Department.
=260  \\$aRome, Italy :$bFood and Agriculture Organization of the United Nations,$c2011.
=300  \\$axv, 334 p. :$bcol. ill., col. maps ;$c30 cm.
=336  \\$atext$2rdacontent
=337  \\$aunmediated$2rdamedia
=338  \\$avolume$2rdacarrier
=490  1\$aFAO fisheries and aquaculture technical paper ;$v569
=500  \\$aUpdates information provided in FAO fisheries technical paper no. 457. Also updates and expands more recent FAO publications on the state of world fisheries and aquaculture.
=504  \\$aIncludes bibliographical references.
=520  3\$aMarine fisheries are very important to the economy and well-being of coastal communities. Maintaining the long-term prosperity and sustainability of marine fisheries is not only of political and social significance but also of economic and ecological importance. This review presents an updated assessment of the current status of the world's marine fishery resources. Its aim is to provide the FAO Committee on Fisheries, policy-makers, civil society, fishers and managers of world fishery resources with a comprehensive, objective and global review of the state of the living marine resources of the oceans. The review was based mainly on official catch statistics up until 2009 and relevant stock assessment and other complementary information available until 2010. This review consists of four major components. The first is a global overview of marine fishery production and the state of marine fish resources. The second part is divided into chapters that summarize and compile the information available for each FAO major fishing area, together with a discussion of the major trends and changes that have occurred with the main fishery resources exploited in each area and comments on the stock assessment work undertaken in support of fisheries management in each region. The third section is allocated to special topics that attract great attention in the international community, including tuna and tuna-like species, sharks, the Pacific islands region, deep-sea fisheries, and fisheries and long-term climate variability. The final part lists all the tables that provide details about historical and recent catches for the major marine resources and, where possible, assessments of the most current state of exploitation of fish stocks.
=530  \\$aAlso available online.
=540  \\$aCurrent Copyright Fee: GBP25.00$c0$5Uk
=650  \0$aFishery resources.
=650  \0$aFishery management.
=710  2\$aFAO Fisheries and Aquaculture Dept.$bMarine and Inland Fisheries Service.
=710  2\$aFood and Agriculture Organization of the United Nations.
=830  \0$aFAO fisheries and aquaculture technical paper ;$vno. 569.
=852  41$aBritish Library$bSTI$k(P)$hEL 50$m-E(17)$2blsrissc
=852  41$aBritish Library$bSTI$k(TP)$hEL 50$m-E(17)$2blsrissc
=852  41$aBritish Library$bDSC$j3865.629400
=852  41$aBritish Library$bHMNTS$jOPB.9.x.323
=856  41$uhttp://www.fao.org/docrep/015/i2389e/i2389e.pdf$zOnline version in PDF
=856  42$uhttp://www.fao.org/fishery/publications/technical-papers/en$zPublication home page
=985  \\$aCorrected by MS generated file for WR# 13.051
=ACF  \\$aPrevious copyright fee: GBP12.00$c0$e01-jan-2012$fGBP12.00$g0$hA$5Uk
=ACF  \\$aPrevious Copyright Fee: GBP12.30$c0$e01-jan-2014$fGBP12.30$g0$hA$5Uk
=ACF  \\$aPrevious Copyright Fee: GBP15.00$c0$e01-jan-2017$fGBP15.00$g0$hA$5Uk
=ACF  \\$aPrevious Copyright Fee: GBP20.00$c0$e01-jan-2020$fGBP20.00$g0$hA$5Uk
=CAT  \\$a8411$b40$c20120713$lBLL01$h1138
=CAT  \\$aBATCH-CLA$b00$c20120928$lBLL01$h1841
=CAT  \\$aBATCH-CLA$b00$c20120930$lBLL01$h1055
=CAT  \\$a7233$b40$c20130111$lBLL01$h1032
=CAT  \\$aBLSS-CORR$b00$c20130327$lBLL01$h1530
=CAT  \\$aBATCH-CLA$b00$c20130508$lBLL01$h0744
=CAT  \\$aBATCH-CLA$c20131220$lBLL01$h2117
=CAT  \\$aIPL-CLA$c20140101$lBLL01$h0201
=CAT  \\$aBATCH-CLA$b00$c20161222$lBLL01$h1835
=CAT  \\$aIPL-CLA$c20161231$lBLL01$h0004
=CAT  \\$aBATCH-CLA$b00$c20171222$lBLL01$h2211
=CAT  \\$aIPL-CLA$c20171231$lBLL01$h1814
=CAT  \\$aBATCH-CLA$b00$c20191219$lBLL01$h1758
=CAT  \\$aIPL-CLA$c20191231$lBLL01$h2032
=CAT  \\$aR2001-1524$c20200127$lBLL01$h2057
=CAT  \\$aBATCH-CLA$b00$c20200128$lBLL01$h0455
=CAT  \\$aBATCH-CLA$b00$c20201204$lBLL01$h1608
=CAT  \\$aIPL-CLA$c20201231$lBLL01$h2333
=CAT  \\$aBATCH-CLA$b00$c20221221$lBLL01$h1925
=CAT  \\$aIPL-CLA$c20221231$lBLL01$h2316
=CFI  0\$aCurrent Copyright Fee: GBP25.00$c0$e01-jan-2023$fGBP25.00$g0$hA$5Uk
=CFI  2\$aPrevious Copyright Fee: GBP22.50$c0$e01-jan-2021$fGBP22.50$g0$hA$5Uk
=FIN  \\$aY$d20120713
=FMT  \\$a  BK
=LAS  \\$aIPL-CLA$b00$c20221231$lBLL01$h2316
=SID  \\$aZ39$bOCLC
=TCO  \\$aITA$bAIDRO / SIAE$c008

