=LDR  02210cam a22005297i 4500
=001  018851683
=003  Uk
=005  20230924063337.0
=006  m\\\\\o\\d\\\\\\\\
=008  140627t20142014it\a\\\\\b\\\i000\0\eng\d
=020  \\$a9251083207$qpaperback
=020  \\$a9789251083208$qpaperback
=020  \\$z9789251083215$qpdf
=035  \\$a(OCoLC)881890628$z(OCoLC)891983201$z(OCoLC)976448932
=040  \\$aYDXCP$beng$cYDXCP$dBTCTA$dOCLCO$dCUS$dOCLCQ$dIUL$dOCLCQ$dNRC$dOCLCA$dUk$erda
=042  \\$aukblderived
=043  \\$amm-----
=050  \4$aQL638.6$b.C36 2014
=082  04$a597.313/9091638$223
=100  1\$aCampana, Steven E.,$d1955-$eauthor.
=245  10$aAge determination of elasmobranchs, with special reference to Mediterranean species :$ba technical manual /$cby Steven E. Campana.
=264  \1$aRome :$bFood and Agriculture Organization of the United Nations,$c2014.
=264  \4$c©2014
=300  \\$avii, 38 pages :$billustrations (some color) ;$c30 cm.
=336  \\$atext$btxt$2rdacontent
=337  \\$aunmediated$bn$2rdamedia
=338  \\$avolume$bnc$2rdacarrier
=490  1\$aStudies and reviews / General Fisheries Commission for the Mediterranean,$x1020-9549 ;$vno. 94
=504  \\$aIncludes bibliographical references (pages 37-38).
=530  \\$aAlso published electronically.
=540  \\$aBritish Library not licensed to copy$c0$5Uk
=650  \0$aChondrichthyes$xAge determination$zMediterranean Sea.
=710  2\$aFood and Agriculture Organization of the United Nations,$eissuing body.
=830  \0$aStudies and reviews ;$vno. 94.$x1020-9549.
=852  71$aBritish Library$bSTI$k(P)$hEL 81$m-E(1)$2blsrissc
=852  41$aBritish Library$bDSC$j8489.440000
=856  41$uhttp://www.fao.org/3/a-i3762e.pdf
=CAT  \\$a8411$b40$c20180501$lBLL01$h1406
=CAT  \\$a8411$b40$c20180501$lBLL01$h1407
=CAT  \\$aBATCH-CLA$b00$c20180502$lBLL01$h0207
=CAT  \\$aW2308-1659$c20230923$lBLL01$h0956
=CAT  \\$aBATCH-CLA$b00$c20230924$lBLL01$h0633
=CFI  0\$aBritish Library not licensed to copy$c0$e01-jul-2014$hC$iCFP Excluded$5Uk
=FIN  \\$aY$d20180501
=FMT  \\$a  BK
=LAS  \\$aBATCH-CLA$b00$c20230924$lBLL01$h0633
=SID  \\$aZ39$bOCLC

