=LDR  07352cam a22008177a 4500
=001  016289631
=003  Uk
=005  20221231232051.0
=008  110208s2010\\\\it\\\\\\\b\\\\000\0\eng\d
=010  \\$a  2011372023
=020  \\$a9789251065051
=020  \\$a9251065055
=020  \\$z9789253056460
=035  \\$a(OCoLC)ocn681488704
=040  \\$aBTCTA$beng$cBTCTA$dTXA$dORE$dAGL$dDLC$dUk
=042  \\$aukblcatcopy
=050  00$aSH335$b.S18 2010
=050  14$aSH1$b.F2 no.533
=070  0\$aSH335$b.S24 2010
=100  10$aSainsbury, Keith J.
=245  10$aReview of ecolabelling schemes for fish and fishery products from capture fisheries /$cby Keith Sainsbury.
=260  \\$aRome :$bFood and Agriculture Organization of the United Nations,$c2010.
=300  \\$avi, 93 p. ;$c30 cm.
=336  \\$atext$2rdacontent
=337  \\$aunmediated$2rdamedia
=338  \\$avolume$2rdacarrier
=490  1\$aFAO fisheries and aquaculture technical paper,$x2070-7010 ;$v533
=504  \\$aIncludes bibliographical references (p. 37-44).
=520  3\$aThis review is part of a process by the Fisheries and Aquaculture Department of the Food and Agriculture Organization of the United Nations (FAO) to refine the minimum substantive requirements of the FAO guidelines for ecolabelling of marine capture fisheries, and also to consider whether a single set of requirements could be developed that was adequate to assess both marine capture fisheries and inland fisheries. Ecolabels in this context are the International Organization for Standardization (ISO) Type I environmental labels, and so are voluntary with certification based on third party assessment of the environmental effects of the product. The minimum substantive requirements are the measurable or operational requirements for assessing whether a fishery can be certified and an ecolabel awarded, and they relate to the management system, the stocks under consideration and the relevant ecosystem .This review summarizes the standards, requirements and practices for well-managed fisheries as applied through internationally-managed fisheries and through national management of fisheries. The standards, requirements and practices of existing fishery ecolabels are reviewed, including government-linked ecolabels, non-governmental ecolabels and seafood guides. Seafood guides are mostly ISO Type II or Type III ecolabels that provide self-declared claims or product descriptions against preset indices, and so are not strictly comparable to the ecolabels covered by the FAO guidelines. However, these guides are reviewed here because they are increasingly widespread, sometimes used in business procurement policies, a source of information on public expectations about sustainable fisheries and some use the results of third party assessments. The special requirements of the assessment of small-scale fisheries and developing countries fisheries are considered .The primary difficulty in relation to ecolabelling of these fisheries is also the primary difficulty with their management, generally that the cost of monitoring, assessment and management can be out of proportion to the value of the fishery and/or beyond the human and infrastructure capacity that is available. However, ecolabelling requires evidence that is verifiable and auditable through third party assessment. Methods to develop, test and apply proxies, empirical indicators and risk-based assessments are available and have been applied in both small-scale and developing state fisheries. While these assessment and management approaches have not been widely applied, and they require further development, they provide promising methods to manage fishery performance in circumstances where formal (statistical) estimation of stock condition is not possible .Inland fisheries often involve significant artificial enhancements and practices that are characteristic of aquaculture, such as species introductions and translocations, artificial breeding or feeding, disease control and animal husbandry, nutrient fertilization and intentional habitat modification. These practices are counter to the current norms and requirements of wild capture fisheries, which emphasize use of naturally occurring species and the maintenance of natural biodiversity, productivity and ecosystem processes. The importance of distinguishing between wild capture fisheries, enhanced fisheries and aquaculture in ecolabelling schemes is emphasized, because otherwise products with very different ecological impacts and performance standards could appear in the marketplace with the same ecolabel. Presently, the extent of aquaculturelike enhancements that would be acceptable in a capture fishery ecolabel is unclear, and this requires further development .But suggested interim criteria are provided for enhancements that are consistent with modern capture fisheries management and that could be acceptable in a capture fishery ecolabel. Based on this review, minimum substantive requirements are suggested for the FAO guidelines on ecolabelling of marine capture fisheries.
=530  \\$aAlso available on the World Wide Web.
=540  \\$aCurrent Copyright Fee: GBP25.00$c0$5Uk
=650  \0$aFishery products$xLabeling.
=650  \0$aEco-labeling.
=650  \0$aFishery management.
=650  \0$aCapture-based aquaculture.
=710  2\$aFood and Agriculture Organization of the United Nations.
=830  \0$aFAO fisheries and aquaculture technical paper ;$v533.
=852  41$aBritish Library$bSTI$k(P)$hEL 50$m-E(17)$2blsrissc
=852  41$aBritish Library$bSTI$k(TP)$hEL 50$m-E(17)$2blsrissc
=852  41$aBritish Library$bDSC$j3865.629400
=852  41$aBritish Library$bHMNTS$jOPB.9.x.323
=856  41$uhttp://www.fao.org/docrep/013/i1433e/i1433e00.pdf
=ACF  \\$aPrevious copyright fee: GBP12.00$c0$e01-jan-2012$fGBP12.00$g0$hA$5Uk
=ACF  \\$aPrevious Copyright Fee: GBP12.30$c0$e01-jan-2014$fGBP12.30$g0$hA$5Uk
=ACF  \\$aPrevious Copyright Fee: GBP15.00$c0$e01-jan-2017$fGBP15.00$g0$hA$5Uk
=ACF  \\$aPrevious Copyright Fee: GBP20.00$c0$e01-jan-2020$fGBP20.00$g0$hA$5Uk
=CAT  \\$a7164$b40$c20130228$lBLL01$h1429
=CAT  \\$aBATCH-CLA$b00$c20130429$lBLL01$h0159
=CAT  \\$aBATCH-CLA$b00$c20130508$lBLL01$h0744
=CAT  \\$aBATCH-CLA$c20131220$lBLL01$h2120
=CAT  \\$aIPL-CLA$c20140101$lBLL01$h0209
=CAT  \\$aBATCH-UPD$b00$c20140918$lBLL01$h1603
=CAT  \\$aBATCH-CLA$b00$c20161222$lBLL01$h1836
=CAT  \\$aIPL-CLA$c20161231$lBLL01$h0009
=CAT  \\$aBATCH-CLA$b00$c20171222$lBLL01$h2213
=CAT  \\$aIPL-CLA$c20171231$lBLL01$h1817
=CAT  \\$aBATCH-CLA$b00$c20191219$lBLL01$h1759
=CAT  \\$aIPL-CLA$c20191231$lBLL01$h2034
=CAT  \\$aR2001-1524$c20200127$lBLL01$h2059
=CAT  \\$aBATCH-CLA$b00$c20200128$lBLL01$h0455
=CAT  \\$aBATCH-CLA$b00$c20201204$lBLL01$h1610
=CAT  \\$aIPL-CLA$c20201231$lBLL01$h2336
=CAT  \\$aBATCH-CLA$b00$c20221221$lBLL01$h1926
=CAT  \\$aIPL-CLA$c20221231$lBLL01$h2320
=CFI  0\$aCurrent Copyright Fee: GBP25.00$c0$e01-jan-2023$fGBP25.00$g0$hA$5Uk
=CFI  2\$aPrevious Copyright Fee: GBP22.50$c0$e01-jan-2021$fGBP22.50$g0$hA$5Uk
=FIN  \\$aY$d20130228
=FMT  \\$a  BK
=LAS  \\$aIPL-CLA$b00$c20221231$lBLL01$h2320
=SRC  \\$aBLL02
=TCO  \\$aITA$bAIDRO / SIAE$c008

