=LDR  07213cam a22007577a 4500
=001  016289671
=003  Uk
=005  20221231232051.0
=008  110309s2010\\\\it\a\\\\\b\\\i000\0\eng\d
=010  \\$a  2011373247
=020  \\$a9789251066201 (paperback)
=020  \\$a9251066205 (paperback)
=035  \\$a(OCoLC)ocn696100027
=040  \\$aBTCTA$beng$cBTCTA$dORE$dAGL$dDLC$dUk
=042  \\$aukblcatcopy
=050  00$aSH351.T8$bR39 2010
=050  14$aSH1$b.F539 no.543
=070  0\$aSH351.T8$bR43 2010
=245  00$aRecent developments in the tuna industry :$bstocks, fisheries, management, processing, trade and markets /$cby Makoto Peter Miyake ... [et al.].
=260  \\$aRome :$bFood and Agriculture Organization of the United Nations,$c2010.
=300  \\$axix, 125 p. :$bcol. ill. ;$c29 cm.
=336  \\$atext$2rdacontent
=337  \\$aunmediated$2rdamedia
=338  \\$avolume$2rdacarrier
=490  1\$aFAO fisheries and aquaculture technical paper ;$v543
=504  \\$aIncludes bibliographical references (p. 119-125).
=520  3\$aThis paper provides an updated review of world tuna fisheries. Previous studies (Miyake et al., 2004) discussed the historical development of tuna fisheries, described current world tuna fisheries, and explained the technological developments that have affected fishing operations. The current paper expands the discussion to include socioeconomic aspects of the tuna industry as a whole, specifically including recent changes in processing, trade, marketing and consumer preferences. The first half of the paper introduces the conditions under which the studies were made and the data sources. It first provides caveats and assumptions which are designed to prevent misunderstanding or misinterpretation when using the data. It then reviews the world tuna stock status based on the results of Regional Fisheries Management Organizations (RFMOs) scientific reviews .Even though the biomass of most of the world's tuna stocks is generally above but close to the reference point, for a few stocks fishing mortality is above the maximum sustainable yield level indicating that the stock is being overfished. World tuna fisheries (mostly longline, purse seine and baitboat [pole-and-line] fisheries) are reviewed from the standpoint of catches, technological developments and economics. Finally, tuna management measures taken by RFMOs are reviewed, including those used to mitigate bycatch. Gear and species interactions are specifically discussed in terms of allocations of the stocks between fisheries. The second half of the paper analyses tuna trade, processing, markets, consumption, price and profits for sashimi, fresh tuna steak, katsuobushi (dried skipjack stick) and canned tuna. The marketing of sashimi has changed very substantially from an exclusive Japanese market to a global one .The marketing system is also changing, because instead of being sold in market auctions, entire catches are now bought by one dealer and sold to large supermarkets or other retailers. This trend has had a clear impact on price and has resulted in the reduction of landing values. In the fresh and frozen steak tuna industry, in general, the price of tuna per unit weight is far higher than for canned materials. Since the 1960s, the production of, and demand and market for, canned tuna has increased very rapidly, accompanied by the rapid development of purse seine fisheries in tropical waters. The largest consumer of canned tuna in the 1970s was by far the United States of America, but these levels have been exceeded by European Union markets in the last two decades. The relative importance of the major markets (the United States, the European Union and Japan) has been continuously declining as a percentage of the world market .These trends have been accompanied by the concentration of capital. Another major change has involved the relocation of tuna factories from developed countries to areas closer to raw materials. This also helped the industry by cutting labour and transshipment costs, and facilitated flexible export marketing. Production was formerly dominated by the United States but as production has declined, Thailand has become the top producer in the late 1990s, followed by Spain, as a result of newly developed canning materials in the form of loins. In conclusion, because of the recent rapid increase in competition among fisheries, species, industries and even products (sashimi/fresh tuna vs. canned), the most important and most urgent issue is how to manage and allocate tuna resources among these competitors (e.g. using fishing capacity control measures and/or catch allocations) .In order to achieve such an objective it is imperative that socio-economic and ecological considerations are integrated into decision-making processes alongside capacity and allocation issues. This study does not address the broad socio-economic importance of the tuna industry to the countries in which it operates, but this type of research will be necessary in future in order to solve current fishery management problems.
=530  \\$aAlso available on the World Wide Web.
=540  \\$aCurrent Copyright Fee: GBP25.00$c0$5Uk
=650  \0$aTuna fisheries.
=700  1\$aMiyake, Makoto.
=710  2\$aFood and Agriculture Organization of the United Nations.
=830  \0$aFAO fisheries and aquaculture technical paper ;$v543.
=852  41$aBritish Library$bSTI$k(P)$hEL 50$m-E(17)$2blsrissc
=852  41$aBritish Library$bSTI$k(TP)$hEL 50$m-E(17)$2blsrissc
=852  41$aBritish Library$bDSC$j3865.629400
=852  41$aBritish Library$bHMNTS$jOPB.9.x.323
=856  41$uhttp://www.fao.org/docrep/013/i1705e/i1705e00.htm
=ACF  \\$aPrevious copyright fee: GBP12.00$c0$e01-jan-2012$fGBP12.00$g0$hA$5Uk
=ACF  \\$aPrevious Copyright Fee: GBP12.30$c0$e01-jan-2014$fGBP12.30$g0$hA$5Uk
=ACF  \\$aPrevious Copyright Fee: GBP15.00$c0$e01-jan-2017$fGBP15.00$g0$hA$5Uk
=ACF  \\$aPrevious Copyright Fee: GBP20.00$c0$e01-jan-2020$fGBP20.00$g0$hA$5Uk
=CAT  \\$a7164$b40$c20130228$lBLL01$h1452
=CAT  \\$aBATCH-CLA$b00$c20130429$lBLL01$h0159
=CAT  \\$aBATCH-CLA$b00$c20130508$lBLL01$h0744
=CAT  \\$aBATCH-CLA$c20131220$lBLL01$h2120
=CAT  \\$aIPL-CLA$c20140101$lBLL01$h0209
=CAT  \\$aBATCH-CLA$b00$c20161222$lBLL01$h1836
=CAT  \\$aIPL-CLA$c20161231$lBLL01$h0009
=CAT  \\$aBATCH-CLA$b00$c20171222$lBLL01$h2213
=CAT  \\$aIPL-CLA$c20171231$lBLL01$h1817
=CAT  \\$aBATCH-CLA$b00$c20191219$lBLL01$h1759
=CAT  \\$aIPL-CLA$c20191231$lBLL01$h2034
=CAT  \\$aR2001-1524$c20200127$lBLL01$h2059
=CAT  \\$aBATCH-CLA$b00$c20200128$lBLL01$h0455
=CAT  \\$aBATCH-CLA$b00$c20201204$lBLL01$h1610
=CAT  \\$aIPL-CLA$c20201231$lBLL01$h2336
=CAT  \\$aBATCH-CLA$b00$c20221221$lBLL01$h1926
=CAT  \\$aIPL-CLA$c20221231$lBLL01$h2320
=CFI  0\$aCurrent Copyright Fee: GBP25.00$c0$e01-jan-2023$fGBP25.00$g0$hA$5Uk
=CFI  2\$aPrevious Copyright Fee: GBP22.50$c0$e01-jan-2021$fGBP22.50$g0$hA$5Uk
=FIN  \\$aY$d20130228
=FMT  \\$a  BK
=LAS  \\$aIPL-CLA$b00$c20221231$lBLL01$h2320
=SRC  \\$aBLL02
=TCO  \\$aITA$bAIDRO / SIAE$c008

