=LDR  06679cam a22007337a 4500
=001  016332457
=003  Uk
=005  20221231232159.0
=008  130219s2011\\\\it\ab\\\\b\\\i000\0\eng\d
=020  \\$a9789251067413
=020  \\$a9251067414
=035  \\$a(OCoLC)828182496
=040  \\$aNLE$cNLE$dHMZ$dOCLCO$dORE$dLGG$dBTCTA$dYDXCP$dAGL$dUk
=042  \\$aukblderived
=043  \\$aa-ii---$aa-bg---$afv-----$af-ua---$af-sj---
=050  \4$aSH314.N27$bR47 2011
=070  0\$aSH314.N27$bR47 2011
=245  00$aReview of tropical reservoirs and their fisheries :$bthe cases of Lake Nasser, Lake Volta and Indo-Gangetic Basin reservoir /$cedited by P.A.M. van Zwieten ... [et al.].
=260  \\$aRome :$bFood and Agriculture Organization of the United Nations,$c2011.
=300  \\$axiii, 148 p. :$bcol. ill., col. maps ;$c30 cm.
=336  \\$atext$2rdacontent
=337  \\$aunmediated$2rdamedia
=338  \\$avolume$2rdacarrier
=490  1\$aFAO fisheries and aquaculture technical paper,$x2070-7010 ;$v557
=504  \\$aIncludes bibliographical references.
=520  3\$aFreshwaters contribute 15 percent of the world's reported fish catch, or about 10.1 million tonnes in 2006, most of which comes from tropical systems. The true contribution of tropical inland fisheries is likely to be higher, as less than half of the inland capture production is actually reported. While reservoir fisheries are already an essential component of this production, the potential of most of them may even exceed their current catch levels. Opportunities exist to increase productivity, provided that environmentally and socially sustainable management systems can be adopted. To realize this untapped potential, it is necessary to improve understanding of the processes influencing reservoir productivity in such a way as to involve both biological principles and stakeholder participation, as each reservoir has different properties and different research and management institutions. .Seen in isolation, catch and productivity data of individual reservoirs may be difficult to interpret. The present technical paper attempts to address this issue by reviewing the knowledge accumulated in reservoirs in some very different tropical river basins: the Indus and Ganges/Brahmaputra Basin in India, the Nile River Basin in Eastern Africa and the Volta River Basin in West Africa. In particular, it focuses on many of the reservoirs of northern India and Pakistan in the Indus and Ganges systems, Lake Nasser in the Nile River and Lake Volta in the Volta River. Information collated from grey and published literature on the three basins is synthesized and standardized with reference to wider knowledge and up-to-date information on tropical reservoir fisheries. .A considerable quantity of data and information were collected on many aspects of the systems of the three reservoirs, including hydrological, biophysical and limnological features, primary production, and fish and fisheries data. This information was condensed and synthesized with the aim of providing a baseline against which the ecological changes that have taken place since impoundment can be described and analysed. Efforts are made to explain changes in fish catch in relation to climatic variations, ecological succession and fishing effort. The review shows that biological data and information are generally available. However, as is also common elsewhere, all three cases suffer from the general tendency to isolate and compartmentalize research into separate disciplines. .Usually, there is very limited cross-disciplinary flow of information or recognition of how results of various disciplines can contribute to a more comprehensive understanding of the behaviour of fish populations, human communities and ecosystems and the productive activities that depend on them. This uniform tendency severely hampered the identification of relevant management actions. A more pragmatic and holistic understanding of reservoir ecosystems is needed in order to guide the choice of indicators and the development of monitoring systems that can inform management of changes in reservoir productivity and, hence, the potential catch. The next step would be to devise a hierarchy of indicators describing the different ecological and economic processes influencing fisheries catches and to organize monitoring systems around those indicators. .Only by combining information across sectoral disciplines will it be possible to reach a better understanding of the processes that drive fish stocks, fisheries and reservoir productivity.
=530  \\$aAlso available on the World Wide Web.
=540  \\$aCurrent Copyright Fee: GBP25.00$c0$5Uk
=650  \0$aFisheries$zNasser, Lake (Egypt and Sudan)
=650  \0$aFisheries$zGhana$zVolta River.
=650  \0$aFisheries$zGanges River Watershed (India and Bangladesh)
=700  1\$aZwieten, P. A. van.
=710  2\$aFood and Agriculture Organization of the United Nations.
=830  \0$aFAO fisheries and aquaculture technical paper ;$v557.
=852  41$aBritish Library$bSTI$k(P)$hEL 50$m-E(17)$2blsrissc
=852  41$aBritish Library$bSTI$k(TP)$hEL 50$m-E(17)$2blsrissc
=852  41$aBritish Library$bDSC$j3865.629400
=852  41$aBritish Library$bHMNTS$jOPB.9.x.323
=856  41$uhttp://www.fao.org/docrep/015/i1969e/i1969e.pdf
=ACF  \\$aPrevious Copyright Fee: GBP12.30$c0$e01-jan-2014$fGBP12.30$g0$hA$5Uk
=ACF  \\$aPrevious Copyright Fee: GBP15.00$c0$e01-jan-2017$fGBP15.00$g0$hA$5Uk
=ACF  \\$aPrevious Copyright Fee: GBP20.00$c0$e01-jan-2020$fGBP20.00$g0$hA$5Uk
=CAT  \\$a7233$b40$c20130502$lBLL01$h1405
=CAT  \\$aBATCH-CLA$b00$c20130508$lBLL01$h0744
=CAT  \\$aBATCH-CLA$b00$c20150314$lBLL01$h0050
=CAT  \\$aBATCH-CLA$b00$c20161222$lBLL01$h1836
=CAT  \\$aIPL-CLA$c20161231$lBLL01$h0010
=CAT  \\$aBATCH-CLA$b00$c20171222$lBLL01$h2214
=CAT  \\$aIPL-CLA$c20171231$lBLL01$h1818
=CAT  \\$aBATCH-CLA$b00$c20191219$lBLL01$h1759
=CAT  \\$aIPL-CLA$c20191231$lBLL01$h2034
=CAT  \\$aR2001-1524$c20200127$lBLL01$h2059
=CAT  \\$aBATCH-CLA$b00$c20200128$lBLL01$h0455
=CAT  \\$aBATCH-CLA$b00$c20201204$lBLL01$h1610
=CAT  \\$aIPL-CLA$c20201231$lBLL01$h2337
=CAT  \\$aBATCH-CLA$b00$c20221221$lBLL01$h1927
=CAT  \\$aIPL-CLA$c20221231$lBLL01$h2321
=CFI  0\$aCurrent Copyright Fee: GBP25.00$c0$e01-jan-2023$fGBP25.00$g0$hA$5Uk
=CFI  2\$aPrevious Copyright Fee: GBP22.50$c0$e01-jan-2021$fGBP22.50$g0$hA$5Uk
=FIN  \\$aY$d20130502
=FMT  \\$a  BK
=LAS  \\$aIPL-CLA$b00$c20221231$lBLL01$h2321
=SID  \\$aZ39$bOCLC
=TCO  \\$aITA$bAIDRO / SIAE$c008

