=LDR  03037cam a22007217i 4500
=001  016706043
=003  Uk
=005  20230924065737.0
=008  131230s2013\\\\it\ab\\\\b\\\\000\0\eng\d
=020  \\$a9789251078969
=020  \\$a9251078963
=035  \\$a(OCoLC)866938153
=040  \\$aBTCTA$beng$cBTCTA$dYDXCP$dAZS$dAUM$dUk$erda
=042  \\$aukblderived
=043  \\$acl-----
=245  00$aRights-based management in Latin American fisheries.
=264  \1$aRome :$bFood and Agriculture Organization of the United Nations,$c2013.
=300  \\$axv, 136 pages :$billustrations (some color), maps (some color) ;$c30 cm.
=336  \\$atext$btxt$2rdacontent
=337  \\$aunmediated$bn$2rdamedia
=338  \\$avolume$bnc$2rdacarrier
=490  1\$aFAO fisheries and agriculture technical paper ;$v582
=504  \\$aIncludes bibliographical references (pages 119-134).
=530  \\$aAlso available online.
=540  \\$aCurrent Copyright Fee: GBP25.00$c0$5Uk
=650  \0$aFishery management$zLatin America.
=650  \0$aGroundfish fisheries$zLatin America$xManagement.
=650  \0$aFisheries$xLimited entry licenses$zLatin America.
=650  \0$aFishery policy$zLatin America.
=710  2\$aFood and Agriculture Organization of the United Nations,$eissuing body.
=830  \0$aFAO fisheries technical paper ;$vno. 582.
=852  41$aBritish Library$bSTI$k(P)$hEL 50$m-E(17)$2blsrissc
=852  41$aBritish Library$bSTI$k(TP)$hEL 50$m-E(17)$2blsrissc
=852  41$aBritish Library$bDSC$j3865.629400
=852  41$aBritish Library$bHMNTS$jOPB.9.x.323
=856  41$uhttp://www.fao.org/docrep/019/i3418e/i3418e.pdf
=ACF  \\$aPrevious Copyright Fee: GBP12.30$c0$e01-jan-2014$fGBP12.30$g0$hA$5Uk
=ACF  \\$aPrevious Copyright Fee: GBP15.00$c0$e01-jan-2017$fGBP15.00$g0$hA$5Uk
=ACF  \\$aPrevious Copyright Fee: GBP20.00$c0$e01-jan-2020$fGBP20.00$g0$hA$5Uk
=CAT  \\$a7233$b40$c20140502$lBLL01$h1414
=CAT  \\$aBATCH-CLA$b00$c20140503$lBLL01$h0043
=CAT  \\$aBATCH-CLA$b00$c20150314$lBLL01$h0051
=CAT  \\$aBATCH-UPD$b00$c20151018$lBLL01$h1026
=CAT  \\$aBATCH-CLA$b00$c20161222$lBLL01$h1838
=CAT  \\$aIPL-CLA$c20161231$lBLL01$h0017
=CAT  \\$aBATCH-CLA$b00$c20171222$lBLL01$h2217
=CAT  \\$aIPL-CLA$c20171231$lBLL01$h1824
=CAT  \\$aBATCH-CLA$b00$c20191219$lBLL01$h1801
=CAT  \\$aIPL-CLA$c20191231$lBLL01$h2038
=CAT  \\$aR2001-1524$c20200127$lBLL01$h2102
=CAT  \\$aBATCH-CLA$b00$c20200128$lBLL01$h0455
=CAT  \\$aBATCH-CLA$b00$c20201204$lBLL01$h1612
=CAT  \\$aIPL-CLA$c20201231$lBLL01$h2341
=CAT  \\$aBATCH-CLA$b00$c20221221$lBLL01$h1929
=CAT  \\$aIPL-CLA$c20221231$lBLL01$h2328
=CAT  \\$aW2308-1659$c20230923$lBLL01$h1025
=CAT  \\$aBATCH-CLA$b00$c20230924$lBLL01$h0657
=CFI  0\$aCurrent Copyright Fee: GBP25.00$c0$e01-jan-2023$fGBP25.00$g0$hA$5Uk
=FIN  \\$aY$d20140502
=FMT  \\$a  BK
=LAS  \\$aBATCH-CLA$b00$c20230924$lBLL01$h0657
=SID  \\$aZ39$bOCLC
=TCO  \\$aITA$bAIDRO / SIAE$c008

