=LDR  05405cam a22007937i 4500
=001  016870640
=003  Uk
=005  20230924065737.0
=008  140709s2014\\\\it\a\\\\\b\\\i000\0\ita\d
=020  \\$a9789251081259 (print)
=020  \\$z9789251081266 (PDF)
=035  \\$a(OCoLC)883650737
=040  \\$aEYM$beng$cEYM$dOCLCO$dCUV$dYDXCP$dORE$dUk$erda
=042  \\$aukblderived
=050  \4$aSH328$b.I535 2014
=050  \4$aSH1$b.F2 no. 579
=082  04$a338.3/727068$223
=245  00$aInland fisheries evolution and management :$bCase studies from four continents /$cedited by Robin L. Welcomme, Independent Consultant and Visiting Scientist, Imperial College Conservation Science Long Barn, Stoke by Clare, United Kingdom, John Valbo-Jorgensen, Fishery and Aquaculture Officer, FAO Subregional Office for Mesoamerica, Panama City, Panama, and Ashley S. Halls, Director, Aquae Sulis Ltd, Bath, United Kingdom.
=264  \1$aRome :$bFood and Agriculture Organization of the United Nations,$c2014.
=300  \\$ax, 77 pages :$billustrations ;$c30 cm.
=336  \\$atext$btxt$2rdacontent
=337  \\$aunmediated$bn$2rdamedia
=338  \\$avolume$bnc$2rdacarrier
=490  1\$aFAO fisheries and aquaculture technical paper,$x2070-7010 ;$v579
=504  \\$aIncludes bibliographical references (pages 69-77).
=520  3\$aIn 2009, inland fisheries produced some 10 million tonnes of fish. Despite their importance to rural communities, especially in the least-developed countries, little attention has been paid to this sector in recent years. As a result, there is a deficit in management of the fisheries and also an increasing threat to freshwater by a number of non-fishery users of the aquatic resource. As part of an effort to raise awareness of the problems facing inland fisheries and to examine more closely the various issues, this document reviews four of the world's best-documented inland fisheries: the Amazon, Lake Constance, the Mekong and Lake Victoria. These represent two lake fisheries and two river fisheries drawn from a wide geographical sample - Africa, Asia, South America and Europe. This technical paper draws conclusions from the four case studies and more general experience as to some of the main issues facing inland fisheries. Inland fishery statistics are generally are very poor, so knowledge of the actual contribution of the sector to food security is not known. Nevertheless, inland fisheries employ about 56 million people directly and indirectly. The state of the stocks of fish in many fisheries is not known because of the low level of research across the many rivers and lakes. However, it is understood that, in many cases, the main driver of the fish assemblages is not the way in which the fishery is managed but rather the state of the environment as acted upon by other human uses. This means that mechanisms are needed to improve both management of fisheries through forms of comanagement and collaboration at the national and international level between agencies responsible for the management of the aquatic resource in general.
=530  \\$aAlso available on the World Wide Web.
=540  \\$aCurrent Copyright Fee: GBP25.00$c0$5Uk
=650  \0$aFishery management$vCase studies.
=650  \0$aFisheries$vCase studies.
=690  7\$aManagement and Business Studies$2blcoll
=700  1\$aWelcomme, R. L.,$eeditor.
=700  1\$aValbo-Jørgensen, John,$eeditor.
=700  1\$aHalls, Ashley S.$q(Ashley Stewart),$d1967-$eeditor.
=710  2\$aFood and Agriculture Organization of the United Nations,$eissuing body.
=830  \0$aFAO fisheries and aquaculture technical paper ;$v579.$x2070-7010.
=852  41$aBritish Library$bSTI$k(P)$hEL 50$m-E(17)$2blsrissc
=852  41$aBritish Library$bSTI$k(TP)$hEL 50$m-E(17)$2blsrissc
=852  41$aBritish Library$bDSC$j3865.629400
=852  41$aBritish Library$bHMNTS$jOPB.9.x.323
=856  41$uhttp://www.fao.org/3/a-i3572e.pdf
=ACF  \\$aPrevious Copyright Fee: GBP12.30$c0$e01-jan-2014$fGBP12.30$g0$hA$5Uk
=ACF  \\$aPrevious Copyright Fee: GBP15.00$c0$e01-jan-2017$fGBP15.00$g0$hA$5Uk
=ACF  \\$aPrevious Copyright Fee: GBP20.00$c0$e01-jan-2020$fGBP20.00$g0$hA$5Uk
=CAT  \\$a8411$b40$c20140918$lBLL01$h1626
=CAT  \\$aBATCH-MBS$c20140926$lBLL01$h2146
=CAT  \\$aBATCH-CLA$b00$c20140927$lBLL01$h0035
=CAT  \\$aBATCH-CLA$b00$c20150314$lBLL01$h0051
=CAT  \\$aBATCH-UPD$b00$c20151018$lBLL01$h1026
=CAT  \\$aBATCH-CLA$b00$c20161222$lBLL01$h1838
=CAT  \\$aIPL-CLA$c20161231$lBLL01$h0019
=CAT  \\$aBATCH-CLA$b00$c20171222$lBLL01$h2217
=CAT  \\$aIPL-CLA$c20171231$lBLL01$h1826
=CAT  \\$aBATCH-CLA$b00$c20191219$lBLL01$h1801
=CAT  \\$aIPL-CLA$c20191231$lBLL01$h2039
=CAT  \\$aR2001-1524$c20200127$lBLL01$h2103
=CAT  \\$aBATCH-CLA$b00$c20200128$lBLL01$h0455
=CAT  \\$aBATCH-CLA$b00$c20201204$lBLL01$h1613
=CAT  \\$aIPL-CLA$c20201231$lBLL01$h2342
=CAT  \\$aBATCH-CLA$b00$c20221221$lBLL01$h1930
=CAT  \\$aIPL-CLA$c20221231$lBLL01$h2330
=CAT  \\$aW2308-1659$c20230923$lBLL01$h1026
=CAT  \\$aBATCH-CLA$b00$c20230924$lBLL01$h0657
=CFI  0\$aCurrent Copyright Fee: GBP25.00$c0$e01-jan-2023$fGBP25.00$g0$hA$5Uk
=FIN  \\$aY$d20140918
=FMT  \\$a  BK
=LAS  \\$aBATCH-CLA$b00$c20230924$lBLL01$h0657
=SID  \\$aZ39$bOCLC
=TCO  \\$aITA$bAIDRO / SIAE$c008

