=LDR  03356cam a22008411a 4500
=001  015620586
=003  Uk
=005  20221231225604.0
=007  ta
=008  110603s2009\\\\it\a\\\\\b\\\o000\0\eng\d
=015  \\$aGBB176274$2bnb
=016  7\$a015620586$2Uk
=020  \\$a9789251064207 (pbk.)
=040  \\$aIiNdDKA$beng$cIiNdDKA
=042  \\$aukblsr
=082  04$a639.89$222
=100  1\$aHasan, Mohammad R.
=245  10$aUse of algae and aquatic macrophytes as feed in small-scale aquaculture :$ba review /$cby Mohammad R. Hasan and Rina Chakrabarti.
=260  \\$aRome :$bFood and Agriculture Organization of the United Nations,$c2009.
=300  \\$avii, 123 p. :$bill. ;$c30 cm.
=336  \\$atext$2rdacontent
=337  \\$aunmediated$2rdamedia
=338  \\$avolume$2rdacarrier
=490  0\$aFAO fisheries and aquaculture technical paper,$x2070-7010 ;$v531
=504  \\$aIncludes bibliographical references.
=540  \\$aCurrent Copyright Fee: GBP25.00$c0$5Uk
=650  \0$aAquaculture.
=650  \0$aAquaculture$xManagement.
=650  \0$aAlgae.
=650  \0$aAlgae as feed.
=650  \0$aAquatic plants as feed.
=650  \0$aAquatic plants.
=700  1\$aChakrabarti, Rina.
=710  2\$aFood and Agriculture Organization of the United Nations.
=852  41$aBritish Library$bSTI$k(P)$hEL 50$m-E(17)$2blsrissc
=852  41$aBritish Library$bSTI$k(TP)$hEL 50$m-E(17)$2blsrissc
=852  41$aBritish Library$bDSC$j3865.629400
=852  41$aBritish Library$bHMNTS$jOPB.9.x.323
=852  41$aBritish Library$bHMNTS$jOPD.2011.x.173
=856  41$uhttp://www.fao.org/docrep/012/i1141e/i1141e.pdf
=985  \\$aNETCAT record
=ACF  \\$aPrevious Copyright Fee: GBP12.30$c0$e01-jan-2014$fGBP12.30$g0$hA$5Uk
=ACF  \\$aPrevious Copyright Fee: GBP15.00$c0$e01-jan-2017$fGBP15.00$g0$hA$5Uk
=ACF  \\$aPrevious Copyright Fee: GBP20.00$c0$e01-jan-2020$fGBP20.00$g0$hA$5Uk
=CAT  \\$a6098$b40$c20100805$lBLL01$h0841
=CAT  \\$a10962$b40$c20110523$lBLL01$h1424
=CAT  \\$aBATCH-SURR$b00$c20110624$lBLL01$h0019
=CAT  \\$a7164$b40$c20130228$lBLL01$h1434
=CAT  \\$aBATCH-CLA$b00$c20130429$lBLL01$h0159
=CAT  \\$aBATCH-CLA$b00$c20130508$lBLL01$h0744
=CAT  \\$aBATCH-CLA$c20131220$lBLL01$h2109
=CAT  \\$aIPL-CLA$c20140101$lBLL01$h0134
=CAT  \\$aWR16_021$c20160629$lBLL01$h1803
=CAT  \\$aBATCH-CLA$b00$c20160630$lBLL01$h0114
=CAT  \\$aBATCH-CLA$b00$c20161222$lBLL01$h1831
=CAT  \\$aIPL-CLA$c20161230$lBLL01$h2346
=CAT  \\$aBATCH-CLA$b00$c20171222$lBLL01$h2204
=CAT  \\$aIPL-CLA$c20171231$lBLL01$h1802
=CAT  \\$aBATCH-CLA$b00$c20191219$lBLL01$h1755
=CAT  \\$aIPL-CLA$c20191231$lBLL01$h2024
=CAT  \\$aR2001-1524$c20200127$lBLL01$h2050
=CAT  \\$aBATCH-CLA$b00$c20200128$lBLL01$h0455
=CAT  \\$aBATCH-CLA$b00$c20201204$lBLL01$h1605
=CAT  \\$aIPL-CLA$c20201231$lBLL01$h2323
=CAT  \\$aBATCH-CLA$b00$c20221221$lBLL01$h1920
=CAT  \\$aIPL-CLA$c20221231$lBLL01$h2256
=CFI  0\$aCurrent Copyright Fee: GBP25.00$c0$e01-jan-2023$fGBP25.00$g0$hA$5Uk
=CFI  2\$aPrevious Copyright Fee: GBP22.50$c0$e01-jan-2021$fGBP22.50$g0$hA$5Uk
=FIN  \\$aY$d20110624
=FMT  \\$a  BK
=LAS  \\$aIPL-CLA$b00$c20221231$lBLL01$h2256
=SRC  \\$aNETCAT$bnetcatprn.20110624
=TCO  \\$aITA$bAIDRO / SIAE$c008

