=LDR  03566cam a2200853 a 4500
=001  015708169
=003  Uk
=005  20221231230003.0
=008  101110s2010\\\\it\ab\\\\b\\\i000\0\eng\d
=015  \\$aGBB1B9626$2bnb
=016  7\$a015708169$2Uk
=020  \\$a9789251066546 (pbk.)
=020  \\$a925106654X (pbk.)
=035  \\$a(OCoLC)681488692
=040  \\$aBTCTA$beng$cBTCTA$dTXA$dAGL$dCN3GA$dWAU$dUk
=042  \\$aukblsr
=070  0\$aSD131$b.G58 2010
=082  04$a333.75$223
=245  00$aGlobal Forest Resources Assessment 2010 :$bmain report.
=260  \\$aRome :$bFood and Agriculture Organization of the United Nations,$c2010.
=300  \\$axxxi, 340 p. :$bcol. ill., col. maps ;$c30 cm.
=336  \\$atext$2rdacontent
=337  \\$aunmediated$2rdamedia
=338  \\$avolume$2rdacarrier
=490  1\$aFAO forestry paper,$x0258-6150 ;$v163
=500  \\$aFRA 2010.
=504  \\$aIncludes bibliographical references (p. 195-198).
=520  3\$aExamines the status and trends for about 90 variables covering the extent, condition, uses and values of forests and other wooded land, with the intention of assessing various benefits from forest resources.
=530  \\$aAlso available on the Internet.
=540  \\$aCurrent Copyright Fee: GBP25.00$c0$5Uk
=650  \0$aForests and forestry.
=650  \0$aForest surveys.
=650  \0$aForest management.
=710  2\$aFood and Agriculture Organization of the United Nations.
=830  \0$aFAO forestry paper ;$v163.
=852  71$aBritish Library$bSTI$k(TP)$hDG 00$m-E(159)$2blsrissc
=852  41$aBritish Library$bDSC$j3865.655000
=852  41$aBritish Library$bHMNTS$jUNF.131A/24
=852  71$aBritish Library$bSTI$k(P)$hDG 00$m-E(159)$2blsrissc
=856  41$uhttp://www.fao.org/docrep/013/i1757e/i1757e.pdf
=ACF  \\$aPrevious Copyright Fee: GBP12.30$c0$e01-jan-2014$fGBP12.30$g0$hA$5Uk
=ACF  \\$aPrevious Copyright Fee: GBP15.00$c0$e01-jan-2017$fGBP15.00$g0$hA$5Uk
=ACF  \\$aPrevious Copyright Fee: GBP20.00$c0$e01-jan-2020$fGBP20.00$g0$hA$5Uk
=CAT  \\$a8479$b40$c20101202$lBLL01$h1418
=CAT  \\$a8479$b40$c20101202$lBLL01$h1420
=CAT  \\$a8479$b40$c20101202$lBLL01$h1421
=CAT  \\$a7164$b40$c20110622$lBLL01$h1330
=CAT  \\$a7034$b40$c20111012$lBLL01$h1109
=CAT  \\$aBATCH-CLA$b00$c20120928$lBLL01$h1826
=CAT  \\$aBATCH-CLA$b00$c20120930$lBLL01$h1028
=CAT  \\$aBATCH-CLA$b00$c20130508$lBLL01$h0712
=CAT  \\$aBATCH-CLA$c20131220$lBLL01$h2110
=CAT  \\$aIPL-CLA$c20140101$lBLL01$h0139
=CAT  \\$aWR16_021$c20160701$lBLL01$h1803
=CAT  \\$aBATCH-CLA$b00$c20160702$lBLL01$h0112
=CAT  \\$aBATCH-CLA$b00$c20161222$lBLL01$h1832
=CAT  \\$aIPL-CLA$c20161230$lBLL01$h2349
=CAT  \\$aBATCH-CLA$b00$c20171222$lBLL01$h2206
=CAT  \\$aIPL-CLA$c20171231$lBLL01$h1805
=CAT  \\$aBATCH-CLA$b00$c20191219$lBLL01$h1755
=CAT  \\$aIPL-CLA$c20191231$lBLL01$h2025
=CAT  \\$aR2001-1524$c20200127$lBLL01$h2051
=CAT  \\$aBATCH-CLA$b00$c20200128$lBLL01$h0413
=CAT  \\$aBATCH-CLA$b00$c20201204$lBLL01$h1605
=CAT  \\$aIPL-CLA$c20201231$lBLL01$h2325
=CAT  \\$aBATCH-CLA$b00$c20221221$lBLL01$h1921
=CAT  \\$aIPL-CLA$c20221231$lBLL01$h2300
=CFI  0\$aCurrent Copyright Fee: GBP25.00$c0$e01-jan-2023$fGBP25.00$g0$hA$5Uk
=CFI  2\$aPrevious Copyright Fee: GBP22.50$c0$e01-jan-2021$fGBP22.50$g0$hA$5Uk
=FIN  \\$aY$d20110622
=FMT  \\$a  BK
=LAS  \\$aIPL-CLA$b00$c20221231$lBLL01$h2300
=SID  \\$aZ39$bOCLC
=TCO  \\$aITA$bAIDRO / SIAE$c008

