=LDR  03308cam a2200805 a 4500
=001  015795878
=003  Uk
=005  20221231230441.0
=008  110412s2011\\\\it\a\\\\\b\\\i000\0\eng\d
=020  \\$a9789251067857 (pbk.)
=020  \\$a9251067856 (pbk.)
=035  \\$a(OCoLC)712126216
=040  \\$aUk$beng$cUk
=042  \\$aukblsr
=070  0\$aSB761$b.G84 2011
=082  \\$a636.089$qUK-WkNB
=245  00$aGuide to implementation of phytosanitary standards in forestry.
=260  \\$aRome :$bFood and Agriculture Organization of the United Nations,$c2011.
=300  \\$axi, 101 p. :$bill. (some col.) ;$c25 cm.
=336  \\$atext$2rdacontent
=337  \\$aunmediated$2rdamedia
=338  \\$avolume$2rdacarrier
=490  0\$aFAO forestry paper,$x0258-6150 ;$v164
=504  \\$aIncludes bibliographical references (p. 59-61).
=530  \\$aAlso available on the Internet.
=540  \\$aCurrent Copyright Fee: GBP25.00$c0$5Uk
=650  \0$aTrees$xDiseases and pests$xControl.
=650  \0$aForest insects$xControl.
=650  \0$aForest health.
=710  2\$aFood and Agriculture Organization of the United Nations.
=710  1\$aFinland.$bUlkoasiainministeriö.
=852  71$aBritish Library$bSTI$k(TP)$hDG 00$m-E(159)$2blsrissc
=852  41$aBritish Library$bDSC$j3865.655000
=852  41$aBritish Library$bHMNTS$jUNF.131A/24
=852  71$aBritish Library$bSTI$k(P)$hDG 00$m-E(159)$2blsrissc
=856  41$uhttp://www.fao.org/docrep/013/i2080e/i2080e.pdf
=985  \\$aCorrected by MS generated file for WR# 12.018
=ACF  \\$aPrevious copyright fee: GBP12.00$c0$e01-jan-2012$fGBP12.00$g0$hA$5Uk
=ACF  \\$aPrevious Copyright Fee: GBP12.30$c0$e01-jan-2014$fGBP12.30$g0$hA$5Uk
=ACF  \\$aPrevious Copyright Fee: GBP15.00$c0$e01-jan-2017$fGBP15.00$g0$hA$5Uk
=ACF  \\$aPrevious Copyright Fee: GBP20.00$c0$e01-jan-2020$fGBP20.00$g0$hA$5Uk
=CAT  \\$a7233$b40$c20110420$lBLL01$h0817
=CAT  \\$a7233$b40$c20110420$lBLL01$h0818
=CAT  \\$a10905$b40$c20110506$lBLL01$h1420
=CAT  \\$a10905$b40$c20110506$lBLL01$h1429
=CAT  \\$aBLSS-CORR$b00$c20120724$lBLL01$h1801
=CAT  \\$aBATCH-CLA$b00$c20120928$lBLL01$h1826
=CAT  \\$aBATCH-CLA$b00$c20120930$lBLL01$h1029
=CAT  \\$aBATCH-CLA$b00$c20130508$lBLL01$h0712
=CAT  \\$aBATCH-CLA$c20131220$lBLL01$h2111
=CAT  \\$aIPL-CLA$c20140101$lBLL01$h0145
=CAT  \\$aBATCH-CLA$b00$c20161222$lBLL01$h1833
=CAT  \\$aIPL-CLA$c20161230$lBLL01$h2353
=CAT  \\$aBATCH-CLA$b00$c20171222$lBLL01$h2207
=CAT  \\$aIPL-CLA$c20171231$lBLL01$h1807
=CAT  \\$aBATCH-CLA$b00$c20191219$lBLL01$h1756
=CAT  \\$aIPL-CLA$c20191231$lBLL01$h2027
=CAT  \\$aR2001-1524$c20200127$lBLL01$h2053
=CAT  \\$aBATCH-CLA$b00$c20200128$lBLL01$h0413
=CAT  \\$aBATCH-CLA$b00$c20201204$lBLL01$h1606
=CAT  \\$aIPL-CLA$c20201231$lBLL01$h2327
=CAT  \\$aBATCH-CLA$b00$c20221221$lBLL01$h1922
=CAT  \\$aIPL-CLA$c20221231$lBLL01$h2304
=CFI  0\$aCurrent Copyright Fee: GBP25.00$c0$e01-jan-2023$fGBP25.00$g0$hA$5Uk
=CFI  2\$aPrevious Copyright Fee: GBP22.50$c0$e01-jan-2021$fGBP22.50$g0$hA$5Uk
=FIN  \\$aY$d20110506
=FMT  \\$a  BK
=LAS  \\$aIPL-CLA$b00$c20221231$lBLL01$h2304
=SID  \\$aZ39$bOCLC
=TCO  \\$aITA$bAIDRO / SIAE$c008

