=LDR  04231cam a22007817a 4500
=001  015892139
=003  Uk
=005  20221231230839.0
=008  110819s2011\\\\it\\\\\\\b\\\\000\0\eng\d
=020  \\$a9789251068496
=020  \\$a9251068496
=020  \\$z9789252057840
=035  \\$a(OCoLC)747533408
=040  \\$aBTCTA$beng$cBTCTA$dTXA$dORE$dUk
=042  \\$aukblderived
=050  \4$aSH1$b.F2 no.560
=082  \\$a639.2$qUK-WkNB
=100  1\$aGillett, R. D.
=245  10$aBycatch in small-scale tuna fisheries :$ba global study /$cby Robert Gillett.
=260  \\$aRome :$bFood and Agriculture Organization of the United Nations,$c2011.
=300  \\$axi, 116 p. ;$c25 cm.
=336  \\$atext$2rdacontent
=337  \\$aunmediated$2rdamedia
=338  \\$avolume$2rdacarrier
=490  1\$aFAO fisheries and aquaculture technical paper,$x2070-7010 ;$v560
=504  \\$aIncludes bibliographical references.
=520  3\$aThe aim of the study was to quantify catches of tuna and bycatch in small-scale pelagic fisheries. Additional goals were to identify on a global scale information gaps, major issues and management concerns associated with these fisheries and their bycatch. The study made estimates of tuna and non-tuna catches in the small-scale fisheries of 181 ocean areas. The total amount of tuna produced by these fisheries was around 681 000 tonnes per year in the mid-2000s. About 753 000 tonnes of non-tuna was produced by those same fisheries. The major priorities for improving our understanding of bycatch in small-scale pelagic fisheries are improved coverage of bycatch by the tuna regional fisheries management organizations (RFMOs) that collect such information, increased involvement of the other tuna RFMOs in small-scale pelagic fisheries, verification of the high reported catches from small-scale pelagic fisheries in Indonesia, and greater technical details on the small-scale pelagic fisheries that take sensitive species.
=530  \\$aAlso available on the World Wide Web.
=540  \\$aCurrent Copyright Fee: GBP25.00$c0$5Uk
=650  \0$aTuna fisheries$xBycatches.
=710  2\$aFood and Agriculture Organization of the United Nations.
=830  \0$aFAO fisheries and aquaculture technical paper ;$v560.
=852  41$aBritish Library$bSTI$k(P)$hEL 50$m-E(17)$2blsrissc
=852  41$aBritish Library$bSTI$k(TP)$hEL 50$m-E(17)$2blsrissc
=852  41$aBritish Library$bDSC$j3865.629400
=852  41$aBritish Library$bHMNTS$jOPB.9.x.323
=856  41$uhttp://www.fao.org/docrep/014/i2175e/i2175e00.pdf
=985  \\$aCorrected by MS generated file for WR# 12.018
=ACF  \\$aPrevious copyright fee: GBP12.00$c0$e01-jan-2012$fGBP12.00$g0$hA$5Uk
=ACF  \\$aPrevious Copyright Fee: GBP12.30$c0$e01-jan-2014$fGBP12.30$g0$hA$5Uk
=ACF  \\$aPrevious Copyright Fee: GBP15.00$c0$e01-jan-2017$fGBP15.00$g0$hA$5Uk
=ACF  \\$aPrevious Copyright Fee: GBP20.00$c0$e01-jan-2020$fGBP20.00$g0$hA$5Uk
=CAT  \\$a7233$b40$c20110915$lBLL01$h1159
=CAT  \\$aBLSS-CORR$b00$c20120724$lBLL01$h1801
=CAT  \\$aBATCH-CLA$b00$c20120928$lBLL01$h1841
=CAT  \\$aBATCH-CLA$b00$c20120930$lBLL01$h1055
=CAT  \\$aBATCH-CLA$b00$c20130508$lBLL01$h0744
=CAT  \\$aBATCH-CLA$c20131220$lBLL01$h2113
=CAT  \\$aIPL-CLA$c20140101$lBLL01$h0151
=CAT  \\$aBATCH-CLA$b00$c20161222$lBLL01$h1833
=CAT  \\$aIPL-CLA$c20161230$lBLL01$h2357
=CAT  \\$aBATCH-CLA$b00$c20171222$lBLL01$h2208
=CAT  \\$aIPL-CLA$c20171231$lBLL01$h1809
=CAT  \\$aBATCH-CLA$b00$c20191219$lBLL01$h1757
=CAT  \\$aIPL-CLA$c20191231$lBLL01$h2029
=CAT  \\$aR2001-1524$c20200127$lBLL01$h2054
=CAT  \\$aBATCH-CLA$b00$c20200128$lBLL01$h0455
=CAT  \\$aBATCH-CLA$b00$c20201204$lBLL01$h1607
=CAT  \\$aIPL-CLA$c20201231$lBLL01$h2329
=CAT  \\$aBATCH-CLA$b00$c20221221$lBLL01$h1923
=CAT  \\$aIPL-CLA$c20221231$lBLL01$h2308
=CFI  0\$aCurrent Copyright Fee: GBP25.00$c0$e01-jan-2023$fGBP25.00$g0$hA$5Uk
=CFI  2\$aPrevious Copyright Fee: GBP22.50$c0$e01-jan-2021$fGBP22.50$g0$hA$5Uk
=FIN  \\$aY$d20110915
=FMT  \\$a  BK
=LAS  \\$aIPL-CLA$b00$c20221231$lBLL01$h2308
=SID  \\$aZ39$bOCLC
=TCO  \\$aITA$bAIDRO / SIAE$c008

