=LDR  05776cam a22008897a 4500
=001  015900475
=003  Uk
=005  20221231230853.0
=007  cr\|||||||||||
=008  110810s2011\\\\it\a\\\\\b\\\i000\0\eng\d
=020  \\$a9789251068809
=020  \\$a9251068801
=035  \\$a(OCoLC)746155924
=040  \\$aNz$cNZDUS$dTXA$dORE$dYDXCP$dWAU$dCOD$dUk
=042  \\$aukblderived
=043  \\$afb-----
=050  \4$aSH1$b.F539 no.559
=050  \4$aSH1$b.F2 no.559
=082  \\$a597$qUK-WkNB
=100  1\$aDiei-Ouadi, Yvette.
=245  10$aPost-harvest fish loss assessment in small-scale fisheries :$ba guide for the extension officer /$cby Yvette Diei-Ouadi and Yahya I. Mgawe.
=260  \\$aRome :$bFood and Agriculture Organization of the United Nations,$c2011.
=300  \\$ax, 92 p. :$bcol. ill. ;$c25 cm.
=336  \\$atext$2rdacontent
=337  \\$acomputer$2rdamedia
=338  \\$aonline resource$2rdacarrier
=490  1\$aFAO fisheries and aquaculture technical paper,$x2070-7010 ;$v559
=504  \\$aIncludes bibliographical references (p. 77).
=520  3\$aThe field activities within the regional post-harvest loss assessment programme in small-scale fisheries in Africa (an FAO regular programme conducted from 2006 to 2008) tested and validated three key fish loss assessment methodologies that have been developed over the past two decades: the Informal Fish Loss Assessment Method (IFLAM), Load Tracking (LT) and the Questionnaire Loss Assessment Method (QLAM). This manual describes these three methods in detail and provides practical guidelines on when they can be used and on how to use them to collect reliable data, be it for planning for an intervention to reduce losses in a particular area or at the country level or monitoring and assessing the effectiveness of a loss reduction intervention. While the IFLAM is used to generate qualitative and indicative quantitative post-harvest fish loss data that can be used to inform decision-making or to plan the use of LT and the QLAM, the latter are quantitative assessment methods. . Load Tracking is used to quantify losses at stages along the distribution chain or losses related to specific activities, such as fishing, transport, processing and marketing. Key data related to the cause and effects of losses from an IFLAM study are validated using the QLAM before any suitable intervention is introduced. A combination of the IFLAM, LT and QLAM could then be used to monitor and evaluate the effects of an intervention. Illustrative examples and case studies are presented to facilitate the uptake and use of the methods in systematic fish loss assessment. This fieldwork tool also enlightens the extension officer on how to communicate the data from the assessments and the design of loss reduction interventions to help policy-planners and decision-makers understand important issues facing fishing communities. . It is hoped that this manual will be of interest to all those involved in fisheries technology and development, field research, data analysis and reporting as well as participatory approaches to development.
=530  \\$aAlso freely available online.
=540  \\$aCurrent Copyright Fee: GBP25.00$c0$5Uk
=650  \0$aFish handling$zAfrica, Sub-Saharan.
=650  \0$aFishes$xTransportation$zAfrica, Sub-Saharan.
=650  \0$aFisheries$zAfrica, Sub-Saharan.
=650  \0$aFisheries$xCatch effort$zAfrica, Sub-Saharan.
=650  \0$aFisheries$zAfrica, Sub-Saharan$xEquipment and supplies.
=650  \0$aFishery technology$zAfrica, Sub-Saharan.
=650  \0$aFishery management$zAfrica, Sub-Saharan.
=700  1\$aMgawe, Yahya I.
=710  2\$aFood and Agriculture Organization of the United Nations.
=830  \0$aFAO fisheries and aquaculture technical paper ;$v559.
=852  41$aBritish Library$bSTI$k(P)$hEL 50$m-E(17)$2blsrissc
=852  41$aBritish Library$bSTI$k(TP)$hEL 50$m-E(17)$2blsrissc
=852  41$aBritish Library$bDSC$j3865.629400
=852  41$aBritish Library$bHMNTS$jOPB.9.x.323
=856  41$uhttp://www.fao.org/docrep/014/i2241e/i2241e.pdf
=985  \\$aCorrected by MS generated file for WR# 12.018
=ACF  \\$aPrevious copyright fee: GBP12.00$c0$e01-jan-2012$fGBP12.00$g0$hA$5Uk
=ACF  \\$aPrevious Copyright Fee: GBP12.30$c0$e01-jan-2014$fGBP12.30$g0$hA$5Uk
=ACF  \\$aPrevious Copyright Fee: GBP15.00$c0$e01-jan-2017$fGBP15.00$g0$hA$5Uk
=ACF  \\$aPrevious Copyright Fee: GBP20.00$c0$e01-jan-2020$fGBP20.00$g0$hA$5Uk
=CAT  \\$a7233$b40$c20110928$lBLL01$h0915
=CAT  \\$aBLSS-CORR$b00$c20120724$lBLL01$h1801
=CAT  \\$aBATCH-CLA$b00$c20120928$lBLL01$h1841
=CAT  \\$aBATCH-CLA$b00$c20120930$lBLL01$h1055
=CAT  \\$aBATCH-CLA$b00$c20130508$lBLL01$h0744
=CAT  \\$aBATCH-CLA$c20131220$lBLL01$h2114
=CAT  \\$aIPL-CLA$c20140101$lBLL01$h0151
=CAT  \\$aBATCH-CLA$b00$c20161222$lBLL01$h1833
=CAT  \\$aIPL-CLA$c20161230$lBLL01$h2357
=CAT  \\$aBATCH-CLA$b00$c20171222$lBLL01$h2209
=CAT  \\$aIPL-CLA$c20171231$lBLL01$h1809
=CAT  \\$aBATCH-CLA$b00$c20191219$lBLL01$h1757
=CAT  \\$aIPL-CLA$c20191231$lBLL01$h2029
=CAT  \\$aR2001-1524$c20200127$lBLL01$h2054
=CAT  \\$aBATCH-CLA$b00$c20200128$lBLL01$h0455
=CAT  \\$aBATCH-CLA$b00$c20201204$lBLL01$h1607
=CAT  \\$aIPL-CLA$c20201231$lBLL01$h2329
=CAT  \\$aBATCH-CLA$b00$c20221221$lBLL01$h1923
=CAT  \\$aIPL-CLA$c20221231$lBLL01$h2308
=CFI  0\$aCurrent Copyright Fee: GBP25.00$c0$e01-jan-2023$fGBP25.00$g0$hA$5Uk
=CFI  2\$aPrevious Copyright Fee: GBP22.50$c0$e01-jan-2021$fGBP22.50$g0$hA$5Uk
=FIN  \\$aY$d20110928
=FMT  \\$a  BK
=LAS  \\$aIPL-CLA$b00$c20221231$lBLL01$h2308
=SID  \\$aZ39$bOCLC
=TCO  \\$aITA$bAIDRO / SIAE$c008

