=LDR  04175cam a22008297a 4500
=001  016019070
=003  Uk
=005  20221231231201.0
=008  110727s2010\\\\it\a\\\\\b\\\\000\0\eng\d
=010  \\$a2011474158
=020  \\$a9789251066669 (pbk.)
=020  \\$a9251066663 (pbk.)
=035  \\$a(OCoLC)ocn703205000
=040  \\$aBTCTA$beng$cBTCTA$dTXA$dORE$dHEBIS$dDLC$dUk
=042  \\$aukblcatcopy
=043  \\$aec-----$aee-----$aac-----$ae-urk--
=050  00$aSH167.C3$bW69 2010
=100  1\$aWoynarovich, András.
=245  10$aCarp polyculture in Central and Eastern Europe, the Caucasus and Central Asia :$ba manual /$cby András Woynarovich, Thomas Moth-Poulsen and András Péteri.
=260  \\$aRome :$bFood and Agriculture Organization of the United Nations,$c2010.
=300  \\$aviii, 73 p. :$bill. ;$c30 cm.
=336  \\$atext$2rdacontent
=337  \\$aunmediated$2rdamedia
=338  \\$avolume$2rdacarrier
=490  1\$aFAO fisheries and aquaculture technical paper,$x2070-7010 ;$v554
=504  \\$aIncludes bibliographical references.
=520  3\$aThis technical paper is a basic guide to carp pond polyculture practicable in the Central and Eastern Europe (CEE) and the Caucasus and Central Asia (CCA) countries. It provides an overview on the guiding principles, aspects and tasks, and presents the most applicable production techniques and patterns of carp polyculture. For further reading and more in-depth information on the suggested techniques and technologies, it also includes a list of relevant FAO publications. It is expected that this publication will help identify resources and contribute to the successful planning and realization of fish production by those fish pond owners and operators who need to strengthen and improve their knowledge on the subject.
=530  \\$aAlso available on the World Wide Web.
=540  \\$aCurrent Copyright Fee: GBP25.00$c0$5Uk
=650  \0$aCarp.
=650  \0$aPoly-aquaculture.
=650  \0$aPond aquaculture.
=700  1\$aMoth-Poulsen, Thomas.
=700  1\$aPéteri, András.
=710  2\$aFood and Agriculture Organization of the United Nations.
=830  \0$aFAO fisheries and aquaculture technical paper ;$v554.
=852  41$aBritish Library$bSTI$k(P)$hEL 50$m-E(17)$2blsrissc
=852  41$aBritish Library$bSTI$k(TP)$hEL 50$m-E(17)$2blsrissc
=852  41$aBritish Library$bDSC$j3865.629400
=852  41$aBritish Library$bHMNTS$jOPB.9.x.323
=856  41$uhttp://www.fao.org/docrep/013/i1794e/i1794e.pdf
=ACF  \\$aPrevious copyright fee: GBP12.00$c0$e01-jan-2012$fGBP12.00$g0$hA$5Uk
=ACF  \\$aPrevious Copyright Fee: GBP12.30$c0$e01-jan-2014$fGBP12.30$g0$hA$5Uk
=ACF  \\$aPrevious Copyright Fee: GBP15.00$c0$e01-jan-2017$fGBP15.00$g0$hA$5Uk
=ACF  \\$aPrevious Copyright Fee: GBP20.00$c0$e01-jan-2020$fGBP20.00$g0$hA$5Uk
=CAT  \\$a7164$b40$c20120131$lBLL01$h1211
=CAT  \\$a7164$b40$c20120131$lBLL01$h1249
=CAT  \\$a7164$b40$c20120131$lBLL01$h1315
=CAT  \\$aBATCH-CLA$b00$c20120928$lBLL01$h1841
=CAT  \\$aBATCH-CLA$b00$c20120930$lBLL01$h1055
=CAT  \\$aBATCH-CLA$b00$c20130508$lBLL01$h0744
=CAT  \\$aBATCH-CLA$c20131220$lBLL01$h2115
=CAT  \\$aIPL-CLA$c20140101$lBLL01$h0156
=CAT  \\$aBATCH-CLA$b00$c20161222$lBLL01$h1834
=CAT  \\$aIPL-CLA$c20161231$lBLL01$h0000
=CAT  \\$aBATCH-CLA$b00$c20171222$lBLL01$h2210
=CAT  \\$aIPL-CLA$c20171231$lBLL01$h1811
=CAT  \\$aBATCH-CLA$b00$c20191219$lBLL01$h1757
=CAT  \\$aIPL-CLA$c20191231$lBLL01$h2030
=CAT  \\$aR2001-1524$c20200127$lBLL01$h2055
=CAT  \\$aBATCH-CLA$b00$c20200128$lBLL01$h0455
=CAT  \\$aBATCH-CLA$b00$c20201204$lBLL01$h1608
=CAT  \\$aIPL-CLA$c20201231$lBLL01$h2331
=CAT  \\$aBATCH-CLA$b00$c20221221$lBLL01$h1924
=CAT  \\$aIPL-CLA$c20221231$lBLL01$h2312
=CFI  0\$aCurrent Copyright Fee: GBP25.00$c0$e01-jan-2023$fGBP25.00$g0$hA$5Uk
=CFI  2\$aPrevious Copyright Fee: GBP22.50$c0$e01-jan-2021$fGBP22.50$g0$hA$5Uk
=FIN  \\$aY$d20120131
=FMT  \\$a  BK
=LAS  \\$aIPL-CLA$b00$c20221231$lBLL01$h2312
=SID  \\$aZ39$bLOC
=TCO  \\$aITA$bAIDRO / SIAE$c008

