=LDR  03868cam a22008297a 4500
=001  016124533
=003  Uk
=005  20221231231619.0
=008  120702s2011\\\\it\ab\\\\b\\\i000\0\eng\\
=020  \\$a9789251068571
=020  \\$a9251068577
=035  \\$a(OCoLC)798475965
=040  \\$aAU@$beng$cAU@$dOCLCO$dTXA$dUk
=042  \\$aukblderived
=043  \\$as-bl---$aa-ii---$apopl---$af-sg---
=082  04$a333.916416$223
=245  00$aMarine protected areas :$bcountry case studies on policy, governance and institutional issues /$ccompiled by Jessica S. Sanders, Dominique Gréboval and Antonia Hjort.
=260  \\$aRome :$bFAO,$c2011.
=300  \\$avii, 118 p. :$bill., col. maps ;$c30 cm.
=336  \\$atext$2rdacontent
=337  \\$aunmediated$2rdamedia
=338  \\$avolume$2rdacarrier
=490  1\$aFAO fisheries and aquaculture technical paper,$x2070-7010 ;$v556/1
=504  \\$aIncludes bibliographical references.
=520  2\$a"This document presents case studies of the policy, governance and institutional issues of marine protected areas (MPAs) in Brazil, India, Palau and Senegal. It is the first of four in a global series of case studies on MPAs."--Back cover.
=530  \\$aAlso available online. Address as at 06/07/2012 :http://www.fao.org/docrep/015/i2191e/i2191e.pdf
=540  \\$aCurrent Copyright Fee: GBP25.00$c0$5Uk
=650  \0$aMarine parks and reserves$xGovernment policy.
=650  \0$aMarine parks and reserves$xGovernment policy$zBrazil.
=650  \0$aMarine parks and reserves$xGovernment policy$zIndia.
=650  \0$aMarine parks and reserves$xGovernment policy$zPalau.
=650  \0$aMarine parks and reserves$xGovernment policy$zSenegal.
=700  1\$aSanders, Jessica S.
=700  1\$aGréboval, D. F.
=700  1\$aHjort, Antonia.
=710  2\$aFood and Agriculture Organization of the United Nations.
=830  \0$aFAO fisheries and aquaculture technical paper ;$v556/1.$x2070-7010.
=852  41$aBritish Library$bSTI$k(P)$hEL 50$m-E(17)$2blsrissc
=852  41$aBritish Library$bSTI$k(TP)$hEL 50$m-E(17)$2blsrissc
=852  41$aBritish Library$bDSC$j3865.629400
=852  41$aBritish Library$bHMNTS$jOPB.9.x.323
=856  41$uhttp://www.fao.org/docrep/015/i2191e/i2191e.pdf
=ACF  \\$aPrevious copyright fee: GBP12.00$c0$e01-jan-2012$fGBP12.00$g0$hA$5Uk
=ACF  \\$aPrevious Copyright Fee: GBP12.30$c0$e01-jan-2014$fGBP12.30$g0$hA$5Uk
=ACF  \\$aPrevious Copyright Fee: GBP15.00$c0$e01-jan-2017$fGBP15.00$g0$hA$5Uk
=ACF  \\$aPrevious Copyright Fee: GBP20.00$c0$e01-jan-2020$fGBP20.00$g0$hA$5Uk
=CAT  \\$a8411$b40$c20120713$lBLL01$h1156
=CAT  \\$aBATCH-UPD$b40$c20120820$lBLL01$h2111
=CAT  \\$aBATCH-CLA$b00$c20120928$lBLL01$h1841
=CAT  \\$aBATCH-CLA$b00$c20120930$lBLL01$h1055
=CAT  \\$aBATCH-CLA$b00$c20130508$lBLL01$h0744
=CAT  \\$aBATCH-CLA$c20131220$lBLL01$h2117
=CAT  \\$aIPL-CLA$c20140101$lBLL01$h0201
=CAT  \\$aBATCH-CLA$b00$c20161222$lBLL01$h1835
=CAT  \\$aIPL-CLA$c20161231$lBLL01$h0004
=CAT  \\$aBATCH-CLA$b00$c20171222$lBLL01$h2211
=CAT  \\$aIPL-CLA$c20171231$lBLL01$h1814
=CAT  \\$aBATCH-CLA$b00$c20191219$lBLL01$h1758
=CAT  \\$aIPL-CLA$c20191231$lBLL01$h2032
=CAT  \\$aR2001-1524$c20200127$lBLL01$h2057
=CAT  \\$aBATCH-CLA$b00$c20200128$lBLL01$h0455
=CAT  \\$aBATCH-CLA$b00$c20201204$lBLL01$h1608
=CAT  \\$aIPL-CLA$c20201231$lBLL01$h2333
=CAT  \\$aBATCH-CLA$b00$c20221221$lBLL01$h1925
=CAT  \\$aIPL-CLA$c20221231$lBLL01$h2316
=CFI  0\$aCurrent Copyright Fee: GBP25.00$c0$e01-jan-2023$fGBP25.00$g0$hA$5Uk
=CFI  2\$aPrevious Copyright Fee: GBP22.50$c0$e01-jan-2021$fGBP22.50$g0$hA$5Uk
=FIN  \\$aY$d20120713
=FMT  \\$a  BK
=LAS  \\$aIPL-CLA$b00$c20221231$lBLL01$h2316
=SID  \\$aZ39$bOCLC
=TCO  \\$aITA$bAIDRO / SIAE$c008

