=LDR  03994cam a22008057a 4500
=001  016145293
=003  Uk
=005  20221231231651.0
=007  cr\mn|||||||||
=008  120409s2011\\\\it\a\\\\\b\\\i000\0\eng\c
=020  \\$a9789251068199 (pbk.)
=035  \\$a(OCoLC)785006251
=040  \\$aWAU$beng$cWAU$dWAU$dBTCTA$dUk
=042  \\$aukblderived
=050  \4$aSH167.R34$bW69 2011
=082  04$a639.2757$223$qUK-WkNB
=100  1\$aWoynarovich, András.
=245  10$aSmall-scale rainbow trout farming /$cAndrás Woynarovich, György Hoitsy, and Thomas Moth-Poulsen.
=260  \\$aRome :$bFood and Agriculture Organization of the United Nations,$c2011.
=300  \\$avii, 81 p. :$bill. ;$c30 cm.
=336  \\$atext$2rdacontent
=337  \\$acomputer$2rdamedia
=338  \\$aonline resource$2rdacarrier
=490  1\$aFAO fisheries and aquaculture technical paper,$x2070-7010 ;$v561
=504  \\$aIncludes bibliographical references (p. 45-46).
=520  3\$aA basic guide to starting and successfully practicing small-scale rainbow trout farming, summarizing all essential technical information important for small-scale trout production. It includes general information on efficient treatment of trout farm effluents, taking into consideration the need to protect mountainous regions where water resources could support profitable trout farming. The aim is to guide the reader through the necessary technical information, related practical solutions and the steps of preparation of both investment in and day-to-day operation of a small-scale rainbow trout farm. It includes a glossary and illustrations for easy understanding.
=540  \\$aCurrent Copyright Fee: GBP25.00$c0$5Uk
=650  \0$aRainbow trout.
=650  \0$aTrout farming.
=650  \0$aSmall-scale aquaculture.
=700  1\$aHoitsy, György.
=700  1\$aMoth-Poulsen, Thomas.
=710  2\$aFood and Agriculture Organization of the United Nations.
=830  \0$aFAO fisheries and aquaculture technical paper ;$v561.
=852  41$aBritish Library$bSTI$k(P)$hEL 50$m-E(17)$2blsrissc
=852  41$aBritish Library$bSTI$k(TP)$hEL 50$m-E(17)$2blsrissc
=852  41$aBritish Library$bDSC$j3865.629400
=852  41$aBritish Library$bHMNTS$jOPB.9.x.323
=856  41$uhttp://www.fao.org/docrep/015/i2125e/i2125e00.htm
=985  \\$aCorrected by MS generated file for WR# 13.051
=ACF  \\$aPrevious copyright fee: GBP12.00$c0$e01-jan-2012$fGBP12.00$g0$hA$5Uk
=ACF  \\$aPrevious Copyright Fee: GBP12.30$c0$e01-jan-2014$fGBP12.30$g0$hA$5Uk
=ACF  \\$aPrevious Copyright Fee: GBP15.00$c0$e01-jan-2017$fGBP15.00$g0$hA$5Uk
=ACF  \\$aPrevious Copyright Fee: GBP20.00$c0$e01-jan-2020$fGBP20.00$g0$hA$5Uk
=CAT  \\$a7233$b40$c20120810$lBLL01$h1047
=CAT  \\$aBATCH-CLA$b00$c20120928$lBLL01$h1841
=CAT  \\$aBATCH-CLA$b00$c20120930$lBLL01$h1055
=CAT  \\$aBLSS-CORR$b00$c20130327$lBLL01$h1530
=CAT  \\$aBATCH-CLA$b00$c20130508$lBLL01$h0744
=CAT  \\$aBATCH-CLA$c20131220$lBLL01$h2118
=CAT  \\$aIPL-CLA$c20140101$lBLL01$h0202
=CAT  \\$aBATCH-CLA$b00$c20161222$lBLL01$h1835
=CAT  \\$aIPL-CLA$c20161231$lBLL01$h0005
=CAT  \\$aBATCH-CLA$b00$c20171222$lBLL01$h2212
=CAT  \\$aIPL-CLA$c20171231$lBLL01$h1814
=CAT  \\$aBATCH-CLA$b00$c20191219$lBLL01$h1758
=CAT  \\$aIPL-CLA$c20191231$lBLL01$h2032
=CAT  \\$aR2001-1524$c20200127$lBLL01$h2057
=CAT  \\$aBATCH-CLA$b00$c20200128$lBLL01$h0455
=CAT  \\$aBATCH-CLA$b00$c20201204$lBLL01$h1609
=CAT  \\$aIPL-CLA$c20201231$lBLL01$h2333
=CAT  \\$aBATCH-CLA$b00$c20221221$lBLL01$h1925
=CAT  \\$aIPL-CLA$c20221231$lBLL01$h2316
=CFI  0\$aCurrent Copyright Fee: GBP25.00$c0$e01-jan-2023$fGBP25.00$g0$hA$5Uk
=CFI  2\$aPrevious Copyright Fee: GBP22.50$c0$e01-jan-2021$fGBP22.50$g0$hA$5Uk
=FIN  \\$aY$d20120810
=FMT  \\$a  BK
=LAS  \\$aIPL-CLA$b00$c20221231$lBLL01$h2316
=SID  \\$aZ39$bOCLC
=TCO  \\$aITA$bAIDRO / SIAE$c008

