=LDR  03177cam a2200793 a 4500
=001  016183598
=003  Uk
=005  20221231231750.0
=008  120928s2012\\\\it\ab\\\\b\\\i000\0|eng\\
=020  \\$a9789251072745 (pbk.)
=020  \\$a9251072744 (pbk.)
=035  \\$a(OCoLC)811338750
=040  \\$aAU@$beng$cAU@$dUk
=042  \\$aukblsr
=082  04$a338.14$223
=245  00$aCrop yield response to water /$cby Pasquale Steduto ... [et al.].
=260  \\$aRome :$bFAO,$c2012.
=300  \\$axiii, 500 p. :$bcol. ill., col. maps ;$c30 cm. +$e1 CD-ROM.
=336  \\$atext$2rdacontent
=337  \\$aunmediated$2rdamedia
=338  \\$avolume$2rdacarrier
=490  0\$aFAO irrigation and drainage paper,$x0254-5284 ;$v66
=504  \\$aIncludes bibliographical references.
=530  \\$aAlso available online.
=540  \\$aCurrent Copyright Fee: GBP25.00$c0$5Uk
=650  \0$aCrops and water.
=650  \0$aCrops$xWater requirements.
=650  \0$aCrop yields.
=690  7\$aManagement and Business Studies$2blcoll
=700  1\$aSteduto, P.
=710  2\$aFood and Agriculture Organization of the United Nations.
=852  71$aBritish Library$bSTI$k(TP)$hDP 86$m-E(4)$2blsrissc
=852  41$aBritish Library$bDSC$j3865.683500
=852  41$aBritish Library$bHMNTS$jUNF.131a/33
=852  71$aBritish Library$bSTI$k(P)$hDP 86$m-E(4)$2blsrissc
=856  41$uhttp://www.fao.org/docrep/016/i2800e/i2800e.pdf
=ACF  \\$aPrevious copyright fee: GBP12.00$c0$e01-jan-2012$fGBP12.00$g0$hA$5Uk
=ACF  \\$aPrevious Copyright Fee: GBP12.30$c0$e01-jan-2014$fGBP12.30$g0$hA$5Uk
=ACF  \\$aPrevious Copyright Fee: GBP15.00$c0$e01-jan-2017$fGBP15.00$g0$hA$5Uk
=ACF  \\$aPrevious Copyright Fee: GBP20.00$c0$e01-jan-2020$fGBP20.00$g0$hA$5Uk
=CAT  \\$a6098$b40$c20121004$lBLL01$h1026
=CAT  \\$a6098$b40$c20121004$lBLL01$h1027
=CAT  \\$a8980$b40$c20121026$lBLL01$h0936
=CAT  \\$a8980$b40$c20121026$lBLL01$h1108
=CAT  \\$aBATCH-MBS$c20121102$lBLL01$h2107
=CAT  \\$a11244$b40$c20121221$lBLL01$h1115
=CAT  \\$aBATCH-CLA$b00$c20130429$lBLL01$h0159
=CAT  \\$aBATCH-CLA$b00$c20130508$lBLL01$h0712
=CAT  \\$aBATCH-CLA$c20131220$lBLL01$h2118
=CAT  \\$aIPL-CLA$c20140101$lBLL01$h0204
=CAT  \\$aBATCH-CLA$b00$c20161222$lBLL01$h1835
=CAT  \\$aIPL-CLA$c20161231$lBLL01$h0006
=CAT  \\$aBATCH-CLA$b00$c20171222$lBLL01$h2212
=CAT  \\$aIPL-CLA$c20171231$lBLL01$h1815
=CAT  \\$aBATCH-CLA$b00$c20191219$lBLL01$h1758
=CAT  \\$aIPL-CLA$c20191231$lBLL01$h2032
=CAT  \\$aR2001-1524$c20200127$lBLL01$h2058
=CAT  \\$aBATCH-CLA$b00$c20200128$lBLL01$h0413
=CAT  \\$aBATCH-CLA$b00$c20201204$lBLL01$h1609
=CAT  \\$aIPL-CLA$c20201231$lBLL01$h2334
=CAT  \\$aBATCH-CLA$b00$c20221221$lBLL01$h1925
=CAT  \\$aIPL-CLA$c20221231$lBLL01$h2317
=CFI  0\$aCurrent Copyright Fee: GBP25.00$c0$e01-jan-2023$fGBP25.00$g0$hA$5Uk
=CFI  2\$aPrevious Copyright Fee: GBP22.50$c0$e01-jan-2021$fGBP22.50$g0$hA$5Uk
=FIN  \\$aY$d20121026
=FMT  \\$a  BK
=LAS  \\$aIPL-CLA$b00$c20221231$lBLL01$h2317
=SID  \\$aZ39$bOCLC
=TCO  \\$aITA$bAIDRO / SIAE$c008

