=LDR  02424 am a2200493 a 4500
=001  016175781
=003  Uk
=005  20130424160442.0
=008  120827s2012\\\\it\ab\\\\b\\\i000\0\eng\\
=015  \\$aGBB342102$2bnb
=016  7\$a016175781$2Uk
=020  \\$a9789251072424
=020  \\$a9251072426
=035  \\$a(OCoLC)808412096
=040  \\$aAU@$beng$cAU@$dOCLCO$dUAB$dUk
=042  \\$aukblderived
=043  \\$ad------
=050  \4$aSF55.D44$bL58 2012
=082  04$a636.0091724$223
=245  00$aLivestock sector development for poverty reduction :$ban economic and policy perspective : livestock's many virtues /$cJ. Otte ... [et al.].
=246  1\$iAt head of title:$aPro-poor livestock policy initiative :$ba living from livestock
=246  33$aLiving from livestock
=260  \\$aRome :$bFood and Agricultural Organization of the United Nations,$c2012.
=300  \\$axix, 161 p. :$bcol. ill., col. maps ;$c26 cm.
=336  \\$atext$2rdacontent
=337  \\$aunmediated$2rdamedia
=338  \\$avolume$2rdacarrier
=504  \\$aIncludes bibliographical references (p. 135-151).
=520  \\$a"Livestock sector development for poverty reduction: an economic and policy perspective reviews major aspects of the livestock-poverty interface with the objective of identifying the conditions under which livestock can be an effective tool for poverty reduction; the interventions that allow livestock's poverty reduction potential to be unlocked, and the contexts in which they do so; and ways of facilitating sustainable implementation of these interventions."--Back cover.
=530  \\$aAlso available online. Address as at 27/8/2012 :http://www.fao.org/docrep/015/i2744e/i2744e00.pdf
=650  \0$aLivestock$xEconomic aspects$zDeveloping countries$xInternational cooperation.
=650  \0$aRural poor$zDeveloping countries$xInternational cooperation.
=700  1\$aOtte, Joachim,$d1955-
=710  2\$aFood and Agriculture Organization of the United Nations.
=852  41$aBritish Library$bOC$jOPB.2012.x.324
=852  41$aBritish Library$bHMNTS$jOPB.2013.x.129
=856  41$3Free Access$uhttp://www.fao.org/docrep/015/i2744e/i2744e00.pdf
=CAT  \\$a5512$b40$c20120925$lBLL01$h1235
=CAT  \\$a10883$b40$c20130424$lBLL01$h1604
=CAT  \\$aWR16_021$c20160706$lBLL01$h1808
=FIN  \\$aY$d20120925
=FMT  \\$a  BK
=LAS  \\$aWR16_021$b00$c20160706$lBLL01$h1808
=SID  \\$aZ39$bOCLC

