=LDR  02773 am a2200421 a 4500
=001  016175782
=003  Uk
=005  20120925123719.0
=008  120828s2012\\\\it\a\\\\\b\\\i000\0\eng\\
=020  \\$a9789251072431
=020  \\$a9251072434
=035  \\$a(OCoLC)808515799
=040  \\$aAU@$beng$cAU@$dOCLCO$dUAB$dUk
=042  \\$aukblderived
=050  \4$aHD5710.8$b.D43 2012
=082  04$a370.91734$223
=245  00$aDecent rural employment for food security :$ba case for action.
=260  \\$aRome :$bFAO,$cc2012.
=300  \\$a40 p. :$bcol. ill. ;$c30 cm.
=336  \\$atext$2rdacontent
=337  \\$aunmediated$2rdamedia
=338  \\$avolume$2rdacarrier
=500  \\$aAt head of title: Knowledge materials, rural employment.
=504  \\$aIncludes bibliographical references (p. 34-[36]).
=520  \\$a"This Case for Action urges that improving policy coherence between employment and agricultural initiatives and investigating more in the promotion of decent rural employment contribute highly to the interlinked challenges of fighting rural poverty and feeding a growing world population in a sustainable way. Even more importantly, decent work is a fully fledged human right, enshrined in international human rights law, to which each person is entitled as a means of personal development and socio-economic inclusion. While the ILO leads the Global Employment and Decent Work Agenda, FAO has a crucial comparative advantage in promoting decent work in rural areas, specifically with respect to employment in agriculture, including livestock, forestry, fisheries and management of natural resources, as well as agroprocessing and retailing. Given its mandate to raise levels of nutrition, improve agricultural productivity, better the lives of rural populations and contribute to the growth of the world economy, FAO has a significant responsibility within this context. This Case for Action further clarifies the reasoning behind this statement and suggests entry points for increased synergies and inter-disciplinary collaboration."--Introduction.
=530  \\$aAlso available online. Address as at 28/8/2012 :http://www.fao.org/docrep/015/i2750e/i2750e00.pdf
=650  \0$aRural poor$xEmployment.
=650  \0$aFood security.
=650  \0$aRural development$xInternational cooperation.
=650  \0$aAgriculture$xInternational cooperation.
=710  2\$aFood and Agriculture Organization of the United Nations.$bGender, Equity and Rural Employment Division.
=852  41$aBritish Library$bOC$jOPB.2012.x.325
=856  41$3Free Access$uhttp://www.fao.org/docrep/015/i2750e/i2750e00.pdf
=CAT  \\$a5512$b40$c20120925$lBLL01$h1237
=FIN  \\$aY$d20120925
=FMT  \\$a  BK
=LAS  \\$a5512$b40$c20120925$lBLL01$h1237
=SID  \\$aZ39$bOCLC

