=LDR  03240 am a2200541 a 4500
=001  013373267
=003  Uk
=005  20110303143251.0
=008  061002s2005\\\\it\\\\\\\b\\\\100\0\eng\c
=010  \\$a  2006484054
=015  \\$aGBB129067$2bnb
=016  7\$a013373267$2Uk
=020  \\$a9250053703 (pbk.)
=020  \\$a9789250053707 (pbk.)
=035  \\$a(OCoLC)ocm63145484
=040  \\$aFQG$cFQG$dUMC$dBAKER$dOLA$dDLC$dUk
=041  0\$aeng$afre$aspa
=042  \\$aukblsr
=050  00$aHF5413$b.F66 2005
=082  04$a343.082$222
=110  2\$aFood and Agriculture Organization of the United Nations.$bCommittee on Fisheries.$bSession$n(26th :$d2005 :$cRome, Italy)
=245  10$aGuidelines for the ecolabelling of fish and fishery products from marine capture fisheries =$bDirectives pour l'étiquetage écologique du poisson et des produits des pêches de capture marines = Directrices para el ecoetiquetado de pescado y productos pesqueros de la pesca de captura marina.
=246  31$aDirectives pour l'étiquetage écologique du poisson et des produits des pêches de capture marines
=246  31$aDirectrices para el ecoetiquetado de pescado y productos pesqueros de la pesca de captura marina
=260  \\$aRome :$bFood and Agriculture Organization of the United Nations,$c2005.
=300  \\$av, 90 p. ;$c21 cm.
=336  \\$atext$2rdacontent
=337  \\$aunmediated$2rdamedia
=338  \\$avolume$2rdacarrier
=500  \\$a"This document contains the text of the Guidelines for the Ecolabelling of Fish and Fishery Products from Marine Capture Fisheries which were adopted by the twenty-sixty session of the Committee on Fisheries (COFI), Rome, 7-11 March 2005. Some observations and reservations were made at the time of adoption of the guidelines which can be found in paragraphs 64 to 67 of the COFI report (FAO Fisheries Report No. 780)"--P. iii.
=500  \\$a"TC/M/A0116Tri/1/10.05/1500"--P. [4] of cover.
=504  \\$aIncludes bibliographical references.
=520  \\$aThe guidelines are of a voluntary nature. They are applicable to ecolabelling schemes that are designed to certify and promote labels for products from well-managed marine capture fisheries and focus on issues related to the sustainable use of fisheries resources. The guidelines refer to principles, general considerations, terms and definitions, minimum substantive requirements and criteria, and procedural and institutional aspects of ecolabelling of fish and fishery products from marine capture fisheries.
=530  \\$aAlso available online.
=546  \\$aText in English, French, and Spanish.
=650  \0$aEco-labeling$vCongresses.
=650  \0$aFishery products$xLabeling$vCongresses.
=710  2\$aFood and Agriculture Organization of the United Nations.
=852  41$aBritish Library$bHMNTS$jOPD.2011.x.13
=856  41$uftp://ftp.fao.org/docrep/fao/008/a0116t/a0116t00.pdf$zOnline version in PDF format
=CAT  \\$a8178$b40$c20060106$lBLL01$h1501
=CAT  \\$a12167$b40$c20110303$lBLL01$h1104
=CAT  \\$a12167$b40$c20110303$lBLL01$h1432
=CAT  \\$aWR16_021$c20160613$lBLL01$h1805
=FIN  \\$aY$d20110303
=FMT  \\$a  BK
=LAS  \\$aWR16_021$b00$c20160613$lBLL01$h1805
=SRC  \\$aBLL02

