=LDR  02985cam a22006977a 4500
=001  013399458
=003  Uk
=005  20221231211905.0
=008  051212s2005\\\\it\a\\\\\b\\\i000\0\eng\d
=020  \\$a9251049955
=040  \\$aOSU$cOSU$dVPI$dCUY$dORE$dAGL
=070  0\$aSH1$b.F2 no. 480
=110  2\$aFood and Agriculture Organization of the United Nations.$bFisheries Department.
=245  10$aTowards improving global information on aquaculture /$cby FAO Fisheries Department.
=260  \\$aRome :$bFood and Agriculture Organization of the United Nations,$c2005.
=300  \\$av, 172 p. :$bill. ;$c30 cm.
=336  \\$atext$2rdacontent
=337  \\$aunmediated$2rdamedia
=338  \\$avolume$2rdacarrier
=490  1\$aFAO fisheries technical paper,$x0429-9345 ;$v480
=500  \\$a"TC/M/A0066E/1/09.05/2900"--P. [4] of cover.
=504  \\$aIncludes bibliographical references.
=530  \\$aAlso available on the World Wide Web.
=540  \\$aCurrent Copyright Fee: GBP25.00$c0$5Uk
=650  \0$aAquaculture$xInformation services.
=650  \0$aCommunication in fisheries.
=710  2\$aFood and Agriculture Organization of the United Nations.
=830  \0$aFAO fisheries technical paper ;$vno. 480.
=852  41$aBritish Library$bDSC$j3865.641000$ino. 480
=856  41$uftp://ftp.fao.org/docrep/fao/008/a0066e/a0066e00.pdf$zConnect to this title online
=985  \\$aProvisional record - DSC
=985  \\$aRecord amended for WR# 13/070
=ACF  \\$aPrevious Copyright Fee: GBP12.30$c0$e01-jan-2014$fGBP12.30$g0$hA$5Uk
=ACF  \\$aPrevious Copyright Fee: GBP15.00$c0$e01-jan-2017$fGBP15.00$g0$hA$5Uk
=ACF  \\$aPrevious Copyright Fee: GBP20.00$c0$e01-jan-2020$fGBP20.00$g0$hA$5Uk
=CAT  \\$a7233$b40$c20060209$lBLL01$h1325
=CAT  \\$aWR13_070$b00$c20130504$lBLL01$h0243
=CAT  \\$aWR13_070C$c20130611$lBLL01$h1853
=CAT  \\$aBATCH-CLA$b00$c20130612$lBLL01$h0047
=CAT  \\$aBATCH-CLA$c20131220$lBLL01$h2036
=CAT  \\$aIPL-CLA$c20140101$lBLL01$h0000
=CAT  \\$aBATCH-CLA$b00$c20140102$lBLL01$h0316
=CAT  \\$aBATCH-CLA$b00$c20161222$lBLL01$h1808
=CAT  \\$aIPL-CLA$c20161230$lBLL01$h2152
=CAT  \\$aBATCH-CLA$b00$c20171222$lBLL01$h2131
=CAT  \\$aIPL-CLA$c20171231$lBLL01$h1652
=CAT  \\$aBATCH-CLA$b00$c20191219$lBLL01$h1735
=CAT  \\$aIPL-CLA$c20191231$lBLL01$h1938
=CAT  \\$aR2001-1524$c20200127$lBLL01$h2015
=CAT  \\$aBATCH-CLA$b00$c20200128$lBLL01$h0413
=CAT  \\$aBATCH-CLA$b00$c20201204$lBLL01$h1537
=CAT  \\$aIPL-CLA$c20201231$lBLL01$h2208
=CAT  \\$aBATCH-CLA$b00$c20221221$lBLL01$h1846
=CAT  \\$aIPL-CLA$c20221231$lBLL01$h2119
=CFI  0\$aCurrent Copyright Fee: GBP25.00$c0$e01-jan-2023$fGBP25.00$g0$hA$5Uk
=CFI  2\$aPrevious Copyright Fee: GBP22.50$c0$e01-jan-2021$fGBP22.50$g0$hA$5Uk
=FIN  \\$aY$d20060209
=FMT  \\$a  BK
=LAS  \\$aIPL-CLA$b00$c20221231$lBLL01$h2119
=SID  \\$aZ39$bOCLC
=TCO  \\$aITA$bAIDRO / SIAE$c008

