=LDR  02691cam a22006257a 4500
=001  013399461
=003  Uk
=005  20221231211905.0
=008  051212s2005\\\\it\a\\\\\b\\\\000\0\eng\c
=020  \\$a9251053545
=040  \\$aOSU$cOSU$dCUY$dORE$dAGL
=070  0\$aSH1$b.F2 no. 484
=100  1\$aRoni, Phil.
=245  10$aHabitat rehabilitation for inland fisheries :$bglobal review of effectiveness and guidance for rehabilitation of freshwater ecosystems /$cby Phil Roni...[et al.].
=260  \\$aRome :$bFood and Agriculture Organization of the United Nations,$c2005.
=300  \\$avii, 116 p. :$bcol. ill. ;$c30 cm.
=336  \\$atext$2rdacontent
=337  \\$aunmediated$2rdamedia
=338  \\$avolume$2rdacarrier
=490  1\$aFAO fisheries technical paper,$x0429-9345 ;$v484
=504  \\$aIncludes bibliographical references (p. 81-108)
=530  \\$aAlso available on the World Wide Web.
=540  \\$aCurrent Copyright Fee: GBP25.00$c0$5Uk
=650  \0$aSustainable fisheries.
=650  \0$aWildlife habitat improvement.
=650  \0$aHabitat (Ecology)$xModification.
=710  2\$aFood and Agriculture Organization of the United Nations.
=830  \0$aFAO fisheries technical paper ;$vno. 484.
=852  41$aBritish Library$bDSC$j3865.641000$ino. 484
=856  11$uftp://ftp.fao.org/docrep/fao/008/a0039e/a0039e00.pdf$zConnect to this title online
=985  \\$aProvisional record - DSC
=ACF  \\$aPrevious Copyright Fee: GBP12.30$c0$e01-jan-2014$fGBP12.30$g0$hA$5Uk
=ACF  \\$aPrevious Copyright Fee: GBP15.00$c0$e01-jan-2017$fGBP15.00$g0$hA$5Uk
=ACF  \\$aPrevious Copyright Fee: GBP20.00$c0$e01-jan-2020$fGBP20.00$g0$hA$5Uk
=CAT  \\$a7233$b40$c20060209$lBLL01$h1327
=CAT  \\$aBATCH-CLA$b00$c20140102$lBLL01$h0316
=CAT  \\$aBATCH-CLA$b00$c20161222$lBLL01$h1808
=CAT  \\$aIPL-CLA$c20161230$lBLL01$h2152
=CAT  \\$aBATCH-CLA$b00$c20171222$lBLL01$h2131
=CAT  \\$aIPL-CLA$c20171231$lBLL01$h1652
=CAT  \\$aBATCH-CLA$b00$c20191219$lBLL01$h1735
=CAT  \\$aIPL-CLA$c20191231$lBLL01$h1938
=CAT  \\$aR2001-1524$c20200127$lBLL01$h2015
=CAT  \\$aBATCH-CLA$b00$c20200128$lBLL01$h0413
=CAT  \\$aBATCH-CLA$b00$c20201204$lBLL01$h1537
=CAT  \\$aIPL-CLA$c20201231$lBLL01$h2208
=CAT  \\$aBATCH-CLA$b00$c20221221$lBLL01$h1846
=CAT  \\$aIPL-CLA$c20221231$lBLL01$h2119
=CFI  0\$aCurrent Copyright Fee: GBP25.00$c0$e01-jan-2023$fGBP25.00$g0$hA$5Uk
=CFI  2\$aPrevious Copyright Fee: GBP22.50$c0$e01-jan-2021$fGBP22.50$g0$hA$5Uk
=FIN  \\$aY$d20060209
=FMT  \\$a  BK
=LAS  \\$aIPL-CLA$b00$c20221231$lBLL01$h2119
=SID  \\$aZ39$bOCLC
=TCO  \\$aITA$bAIDRO / SIAE$c008

