=LDR  03872cam a2200757 a 4500
=001  013436212
=003  Uk
=005  20221231212111.0
=008  060314s2005\\\\it\a\\\\\\\\\i000\0\eng\c
=015  \\$aGBA643691$2bnb
=016  7\$a013436212$2Uk
=020  \\$a9251054290 :$cNo price
=024  3\$a9789251054291
=040  \\$aUMC$cUMC$dUMC$dBAKER$dUk
=050  \4$aHN49.C6$bC37 2005
=082  04$a363.63$222
=100  1\$aCarloni, Alice Stewart.
=245  10$aRapid guide for missions :$banalysing local institutions and livelihoods : guidelines /$cby Alice Stewart Carloni ; under the technical guidance of Eve Crowley.
=246  30$aAnalysing local institutions and livelihoods
=260  \\$aRome :$bFood and Agriculture Organization of the United Nations,$c2005.
=300  \\$av, 34 p. :$bill.$c30 cm.
=336  \\$atext$2rdacontent
=337  \\$aunmediated$2rdamedia
=338  \\$avolume$2rdacarrier
=490  1\$aInstitutions for rural development,$x1817-4418 ;$v1
=500  \\$aComplements: Local institutions and livelihoods : guidelines for analysis / Norman Messer & Philip Townsley, 2003--Cf. Introd.
=500  \\$a"TC/M/A0273E/1/11.05/3100"--P. [4] of cover.
=520  \\$aEfforts to reduce poverty frequently fail or are unsustainable because local institutions and the ways that these influence livelihoods of the poor are not fully understood. This Rapid Guide, oriented specifically towards field missions, is designed to be used by non-specialists, consultants and other members of multidisciplinary teams from development agencies and projects. The guide is a starting-point to assist mission members to gain a new perspective on development work with the very poor and to base their project design on reality.
=530  \\$aAlso available electronically via World Wide Web in PDF format.
=540  \\$aCurrent Copyright Fee: GBP25.00$c0$5Uk
=650  \0$aRural development projects$xEvaluation.
=650  \0$aParticipatory rural appraisal.
=700  1\$aMesser, Norman.$tLocal institutions and livelihoods.
=710  2\$aFood and Agriculture Organization of the United Nations.
=830  \0$aInstitutions for rural development,$x1817-4418 ;$v1
=852  41$aBritish Library$bDSC$j4523.361700$i1
=852  41$aBritish Library$bHMNTS$jYC.2006.b.1611
=856  11$uftp://ftp.fao.org/docrep/fao/008/a0273e/a0273e00.pdf$zConnect to this title online
=ACF  \\$aPrevious Copyright Fee: GBP12.30$c0$e01-jan-2014$fGBP12.30$g0$hA$5Uk
=ACF  \\$aPrevious Copyright Fee: GBP15.00$c0$e01-jan-2017$fGBP15.00$g0$hA$5Uk
=ACF  \\$aPrevious Copyright Fee: GBP20.00$c0$e01-jan-2020$fGBP20.00$g0$hA$5Uk
=CAT  \\$a9504$b40$c20060328$lBLL01$h1320
=CAT  \\$a9504$b40$c20060328$lBLL01$h1321
=CAT  \\$a8962$b40$c20060426$lBLL01$h0929
=CAT  \\$aBATCH$b00$c20091217$lBLL01$h0417
=CAT  \\$aBATCH$b00$c20100103$lBLL01$h1211
=CAT  \\$aWR16_021$c20160614$lBLL01$h1803
=CAT  \\$aBATCH-CLA$b00$c20160615$lBLL01$h0246
=CAT  \\$aBATCH-CLA$b00$c20161222$lBLL01$h1809
=CAT  \\$aIPL-CLA$c20161230$lBLL01$h2155
=CAT  \\$aBATCH-CLA$b00$c20171222$lBLL01$h2131
=CAT  \\$aIPL-CLA$c20171231$lBLL01$h1653
=CAT  \\$aBATCH-CLA$b00$c20191219$lBLL01$h1736
=CAT  \\$aIPL-CLA$c20191231$lBLL01$h1939
=CAT  \\$aR2001-1524$c20200127$lBLL01$h2016
=CAT  \\$aBATCH-CLA$b00$c20200128$lBLL01$h0452
=CAT  \\$aBATCH-CLA$b00$c20201204$lBLL01$h1538
=CAT  \\$aIPL-CLA$c20201231$lBLL01$h2209
=CAT  \\$aBATCH-CLA$b00$c20221221$lBLL01$h1847
=CAT  \\$aIPL-CLA$c20221231$lBLL01$h2121
=CFI  0\$aCurrent Copyright Fee: GBP25.00$c0$e01-jan-2023$fGBP25.00$g0$hA$5Uk
=CFI  2\$aPrevious Copyright Fee: GBP22.50$c0$e01-jan-2021$fGBP22.50$g0$hA$5Uk
=FIN  \\$aY$d20060328
=FMT  \\$a  BK
=LAS  \\$aIPL-CLA$b00$c20221231$lBLL01$h2121
=SID  \\$aZ39$bOCLC

