=LDR  02883cam a22006977a 4500
=001  013484321
=003  Uk
=005  20230316011922.0
=008  060421s2005\\\\it\\\\\\\b\\\i000\0\eng\d
=020  \\$a9251054363
=040  \\$aOLA$cOLA$dBAKER
=100  1\$aHernández Serrano, Pilar.
=245  10$aResponsible use of antibiotics aquaculture /$cby Pilar Hernández Serrano.
=260  \\$aRome, Italy :$bFood and Agriculture Organization of the United Nations,$c2005.
=300  \\$ax, 97 leaves ;$c28 cm.
=336  \\$atext$2rdacontent
=337  \\$aunmediated$2rdamedia
=338  \\$avolume$2rdacarrier
=490  1\$aFAO fisheries technical paper ;$v469
=504  \\$aIncludes bibliographical references (leaves 75-88).
=530  \\$aAlso available online in PDF format.
=540  \\$aCurrent Copyright Fee: GBP25.00$c0$5Uk
=650  \0$aAquacultural biotechnology$xManagement.
=650  \0$aAntibiotics.
=650  \0$aAntibiotics$xRisk assessment.
=650  \0$aAntibiotics in animal nutrition.
=650  \0$aAntibiotics in agriculture.
=710  2\$aFood and Agriculture Organization of the United Nations.
=830  \0$aFAO fisheries technical paper ;$v469.
=852  41$aBritish Library$bDSC$j3865.641000$ino. 469:2005
=856  11$uftp://ftp.fao.org/docrep/fao/009/a0282e/a0282e00.pdf$zOnline version in PDF format
=985  \\$aProvisional record - DSC
=ACF  \\$aPrevious Copyright Fee: GBP12.30$c0$e01-jan-2014$fGBP12.30$g0$hA$5Uk
=ACF  \\$aPrevious Copyright Fee: GBP15.00$c0$e01-jan-2017$fGBP15.00$g0$hA$5Uk
=ACF  \\$aPrevious Copyright Fee: GBP20.00$c0$e01-jan-2020$fGBP20.00$g0$hA$5Uk
=CAT  \\$a9504$b40$c20060605$lBLL01$h1530
=CAT  \\$aBATCH-UPD$b40$c20060803$lBLL01$h2028
=CAT  \\$aBATCH$b00$c20091217$lBLL01$h0423
=CAT  \\$aBATCH$b00$c20100103$lBLL01$h1217
=CAT  \\$aBATCH-UPD$b00$c20121102$lBLL01$h2211
=CAT  \\$aBATCH-CLA$b00$c20140102$lBLL01$h0316
=CAT  \\$aBATCH-CLA$b00$c20161222$lBLL01$h1810
=CAT  \\$aIPL-CLA$c20161230$lBLL01$h2158
=CAT  \\$aBATCH-CLA$b00$c20171222$lBLL01$h2132
=CAT  \\$aIPL-CLA$c20171231$lBLL01$h1655
=CAT  \\$aBATCH-CLA$b00$c20191219$lBLL01$h1736
=CAT  \\$aIPL-CLA$c20191231$lBLL01$h1940
=CAT  \\$aR2001-1524$c20200127$lBLL01$h2017
=CAT  \\$aBATCH-CLA$b00$c20200128$lBLL01$h0413
=CAT  \\$aBATCH-CLA$b00$c20201204$lBLL01$h1538
=CAT  \\$aIPL-CLA$c20201231$lBLL01$h2211
=CAT  \\$aBATCH-CLA$b00$c20221221$lBLL01$h1848
=CAT  \\$aIPL-CLA$c20221231$lBLL01$h2123
=CAT  \\$aBATCH-UPD$b00$c20230315$lBLL01$h1222
=CAT  \\$aBATCH-CLA$b00$c20230316$lBLL01$h0119
=CFI  0\$aCurrent Copyright Fee: GBP25.00$c0$e01-jan-2023$fGBP25.00$g0$hA$5Uk
=FIN  \\$aY$d20060605
=FMT  \\$a  BK
=LAS  \\$aBATCH-CLA$b00$c20230316$lBLL01$h0119
=SID  \\$aZ39$bOCLC
=TCO  \\$aITA$bAIDRO / SIAE$c008

