=LDR  02798cam a2200517 i 4500
=001  020003378
=003  Uk
=005  20220715213849.0
=008  200213s2019\\\\it\a\\\\\b\\\i000\0\eng\d
=015  \\$aGBC2A9117$2bnb
=016  7\$a020003378$2Uk
=020  \\$a9251319898$qpaperback
=020  \\$a9789251319895$qpaperback
=035  \\$a(OCoLC)1139923236
=040  \\$aYDX$beng$cYDX$dOCLCQ$dNOC$dOCLCF$dYDXIT$dIUL$dOCLCO$dUk$erda
=042  \\$aukblcatcopy
=043  \\$ae------$ae-urk--$aac-----
=082  04$a338.19$223
=245  00$aFood security and nutrition policy dialogues in Europe, the Caucasus and Central Asia, 2016-2019 :$ba retrospective.
=264  \1$aRome :$bFood and Agriculture Organization of the United Nations,$c2019.
=300  \\$a124 pages :$bcolour illustrations ;$c30 cm
=336  \\$atext$btxt$2rdacontent
=337  \\$aunmediated$bn$2rdamedia
=338  \\$avolume$bnc$2rdacarrier
=504  \\$aIncludes bibliographical references (pages 113-124).
=520  \\$a"This publication is a compendium of the main outcomes of the online stakeholder dialogue organized by the project 'Developing Capacity for Strengthening Food Security and Nutrition in Selected Countries in the Caucasus and Central Asia', funded by the Russian Federation, in collaboration with the Global Forum on Food Security and Nutrition (FSN Forum). The publication presents an overview of the multiple topics that were discussed from 2017 onwards and provides the reader with a brief introduction to the main ideas and conclusions that emerged during these online consultations. In addition, this publication includes a series of short case studies that highlight good practices and lessons learned from school food and nutrition programmes and from the implementation of food security and nutrition policies in Europe, the Caucasus and Central Asia."--Page 1.
=530  \\$aAlso available online
=650  \0$aFood security.
=650  \0$aNutrition policy.
=650  \6$aSécurité alimentaire.
=650  \6$aPolitique alimentaire.
=650  \7$aFood security.$2fast$0(OCoLC)fst01748879
=650  \7$aNutrition policy.$2fast$0(OCoLC)fst01042296
=690  7\$aManagement and Business Studies$2blcoll
=710  2\$aFood and Agriculture Organization of the United Nations,$eissuing body.
=852  41$aBritish Library$bHMNTS$jOPB.2022.x.206
=856  41$uhttp://www.fao.org/publications/card/en/c/CA7110EN$zFull text pdf
=CAT  \\$a11012$b40$c20201105$lBLL01$h1211
=CAT  \\$aBATCH-016$c20201111$lBLL01$h2151
=CAT  \\$a10883$b40$c20220628$lBLL01$h1149
=CAT  \\$aBATCH-016$c20220629$lBLL01$h2150
=CAT  \\$aBATCH-MBS$c20220715$lBLL01$h2138
=FIN  \\$aY$d20220628
=FMT  \\$a  BK
=LAS  \\$aBATCH-MBS$b00$c20220715$lBLL01$h2138
=SID  \\$aZ39$bOCLC

