=LDR  03934cam a2200577 i 4500
=001  019931399
=003  Uk
=005  20220530112523.0
=008  200105s2019\\\\it\\\\\\\b\\\\100\0\eng\d
=015  \\$aGBC293891$2bnb
=016  7\$a019931399$2Uk
=020  \\$a9789251318331$qpaperback
=020  \\$a9251318336$q(FAO)
=020  \\$a9789241516686$q(WHO)
=020  \\$a9241516682$q(WHO)
=035  \\$a(OCoLC)1134853683
=040  \\$aYDX$beng$cYDX$dYDXIT$dOCLCF$dNOC$dOCL$dOCLCO$dOCLCQ$dOCLCO$dUk$erda
=042  \\$aukblcatcopy
=050  \4$aTX571.V48$bC37 2019
=082  04$a363.1929$223
=245  00$aCarryover in feed and transfer from feed to food of unavoidable and unintended residues of approved veterinary drugs :$bjoint FAO/WHO Expert Meeting, FAO Headquarters, Rome, Italy, 8-10 January 2019 /$cproduced by: Food and Agriculture Organization of the United Nations and World Health Organization.
=264  \1$aRome :$bFood and Agriculture Organization of the United Nations :$bWorld Health Organization,$c2019.
=300  \\$axiv, 46 pages ;$c30 cm.
=336  \\$atext$btxt$2rdacontent
=337  \\$aunmediated$bn$2rdamedia
=338  \\$avolume$bnc$2rdacarrier
=490  1\$aFAO animal production and health ;$vreport 13
=504  \\$aIncludes bibliographical references.
=520  \\$a"Carryover of veterinary drugs in feed can occur during feed processing, handling, transportation, delivery or in feeding animals on-farm. The risk of unavoidable and unintentional veterinary drug residues from feed carryover and/or transfer from feed to food of animal origin is unacceptable when it causes adverse health effects in target and/or non-target animals and/or humans consuming food originating from these animals. If carryover is not properly managed, contaminated feed can directly harm species that are sensitive to the unintended veterinary drug they consume, and /or can result in residues in food of animal origin such as meat, milk and eggs that render them unsafe for human consumption. Even if residues are not a safety hazard, they can pose regulatory and global trade issue as countries/markets may enforce a 'zero' tolerance for residues when appropriate maximum residue limits have not been established. Upon request of the Codex Committee on Residues of Veterinary Drugs in Foods (CCRVDF), FAO and WHO convened an Expert Meeting to review the causes of veterinary drug carryover in animal feed and the transfer from feed to food, as well as the known risks to human health and international trade, and suggest appropriate risk management strategies. This report shows the results of the expert discussions, conclusions and recommendations."--Page 4 of cover.
=530  \\$aAlso available online (World Wide Web)
=650  \0$aVeterinary drug residues$vCongresses.
=650  \0$aFood of animal origin$xContamination$vCongresses.
=650  \0$aFeeds$xContamination$vCongresses.
=650  \6$aAliments d'origine animale$xContamination$vCongrès.
=650  \6$aAliments pour animaux$xContamination$vCongrès.
=650  \7$aVeterinary drug residues.$2fast$0(OCoLC)fst01165910
=650  \7$aFeeds$xContamination.$2fast$0(OCoLC)fst00922486
=650  \7$aFood of animal origin$xContamination.$2fast$0(OCoLC)fst00930963
=655  \7$aConference papers and proceedings.$2fast$0(OCoLC)fst01423772
=710  2\$aFood and Agriculture Organization of the United Nations,$eissuing body.
=710  2\$aWorld Health Organization,$eissuing body.
=830  \0$aFAO animal production and health report ;$v13.
=852  41$aBritish Library$bHMNTS$jOPB.2022.x.177
=856  41$uhttp://www.fao.org/documents/card/en/c/ca6296en/$zFull text pdf
=CAT  \\$a11012$b40$c20200909$lBLL01$h1026
=CAT  \\$aBATCH-016$c20200909$lBLL01$h2145
=CAT  \\$a9657$b40$c20220530$lBLL01$h1125
=FIN  \\$aY$d20220530
=FMT  \\$a  BK
=LAS  \\$a9657$b40$c20220530$lBLL01$h1125
=SID  \\$aZ39$bOCLC

