=LDR  04320cam a2200577 i 4500
=001  019979546
=003  Uk
=005  20220708214024.0
=008  200213s2019\\\\it\a\\\\\b\\\i000\0\eng\d
=015  \\$aGBC2A8723$2bnb
=016  7\$a019979546$2Uk
=020  \\$a9789251316498$qpaperback
=020  \\$a925131649X$qpaperback
=035  \\$a(OCoLC)1139945488
=040  \\$aYDX$beng$cYDX$dOCLCQ$dNOC$dOCLCF$dYDXIT$dPAU$dIUL$dOCLCO$dUk$erda
=042  \\$aukblcatcopy
=050  \4$aS600.7.C54$bB65 2019
=082  04$a338.14$223
=100  1\$aBojić, Dubravka,$eauthor.
=245  10$aGovernance challenges for disaster risk reduction and climate change adaptation convergence in agriculture :$bguidance for analysis /$cDubravka Bojić, Programme Officer, Governance and Policy Support Unit, Economic and Social Development Department (ESD), Stephan Baas, Strategic Advisor, Disaster Risk Reduction, FAO's Strategic Programme: Increase the Resilience of Livelihoods to Threats and Crises (SP5), Julia Wolf, Natural Resources Officer, FAO Climate and Environment Division (CBC).
=264  \1$aRome [Italy] :$bFood and Agriculture Organization of the United Nations,$c2019.
=300  \\$aix, 3 pages :$bcolor illustrations ;$c30 cm.
=336  \\$atext$btxt$2rdacontent
=337  \\$aunmediated$bn$2rdamedia
=338  \\$avolume$bnc$2rdacarrier
=490  0\$aGovernance and policy support discussion paper
=504  \\$aIncludes bibliographical references (pages 43-50).
=505  00$gI.$tDisaster risk reduction and climate change adaption -- concepts, differences and linkages:$g1.$tDifferent origins ;$g2.$tDifferences and linkages between disaster risk reduction and climate change adaptation ;$g3.$tMost recent calls for integration --$gII.$tTypical governance challenges related to disaster risk reduction and climate change adaptation convergence:$g1.$tGlobal governance architecture ;$g2.$tCountry level architecture --$gIII.$tGovernance analysis of disaster risk reduction and climate change adaption action-the agriculture perspective:$g1.$tOrganizing for analysis ;$g2.$tProblem statement and identifying key governance challenges for disaster risk reduction and climate change adaptation convergence in the agricultural sector ;$g3.$tAnalyzing political economy issues behind key governance challenges ;$g4.$tDeveloping programmatic priorities for action --$gStep 1$tProblem statement and identifying key governance challenges --$gStep 2$tAnalysing political economy issues behind key governance challenges --$gStep 3$tDeveloping programmatic strategies for moving forward.
=520  \\$a"This discussion paper aims to help practitioners work in a more informed and politically sensitive way to integrate actions on disaster risk reduction (DRR) and climate change adaptation (CCA) in agriculture. It illustrates some typical governance and political economy-related barriers that may hamper convergence or integration of DRR and CCA actions. It also provides guidance for in-depth governance analysis, putting the analytical focus at national and subnational levels, while considering the international context as an important factor for convergence."--Page 4 of cover.
=530  \\$aAlso available online (World Wide Web)
=650  \0$aCrops and climate.
=650  \0$aAgriculture$xEnvironmental aspects.
=650  \0$aClimatic changes$xRisk management.
=650  \7$aAgriculture$xEnvironmental aspects.$2fast$0(OCoLC)fst00801499
=650  \7$aClimatic changes$xRisk management.$2fast$0(OCoLC)fst01766531
=650  \7$aCrops and climate.$2fast$0(OCoLC)fst00884075
=690  7\$aManagement and Business Studies$2blcoll
=700  1\$aBaas, Stephan,$eauthor.
=700  1\$aWolf, Julia$c(Agriculture economist),$eauthor.
=710  2\$aFood and Agriculture Organization of the United Nations,$eissuing body.
=852  41$aBritish Library$bHMNTS$jOPB.2022.x.197
=856  41$uhttp://www.fao.org/3/ca5389en/ca5389en.pdf$zFull text
=CAT  \\$a11286$b40$c20201014$lBLL01$h1057
=CAT  \\$a11286$b40$c20201014$lBLL01$h1058
=CAT  \\$aBATCH-016$c20201014$lBLL01$h2157
=CAT  \\$a9657$b40$c20220624$lBLL01$h1355
=CAT  \\$aBATCH-MBS$c20220708$lBLL01$h2140
=FIN  \\$aY$d20220624
=FMT  \\$a  BK
=LAS  \\$aBATCH-MBS$b00$c20220708$lBLL01$h2140
=SID  \\$aZ39$bOCLC

