=LDR  02925 am a2200529 i 4500
=001  019094681
=003  Uk
=005  20200305145021.0
=008  180325s2018\\\\it\a\\\\\b\\\i000\0\eng\d
=015  \\$aGBC037950$2bnb
=016  7\$a019094681$2Uk
=020  \\$a9789251300886$qpaperback
=020  \\$a9251300887$qpaperback
=035  \\$a(OCoLC)1029477724$z(OCoLC)1029321429$z(OCoLC)1029442499
=040  \\$aYDX$beng$cYDX$dTXA$dIUL$dCOD$dORE$dUIU$dOCLCF$dOCL$dUk$erda
=042  \\$aukblcatcopy
=043  \\$afb-----
=050  \4$aSB177.L45$bS63 2018
=082  04$a635.650967$222
=100  1\$aSnapp, Sieglinde S.,$eauthor.
=245  10$aPulse crops for sustainable farms in sub-Saharan Africa /$cby Sieglinde Snapp, Maryam Rahmanian, and Caterina Batello ; edited by Teodardo Calles.
=264  \1$aRome :$bFood and Agriculture Organization of the United Nations,$c2018.
=300  \\$ax, 47 pages :$billustrations (black and white, and colour) ;$c25 cm
=336  \\$atext$btxt$2rdacontent
=336  \\$astill image$bsti$2rdacontent
=337  \\$aunmediated$bn$2rdamedia
=338  \\$avolume$bnc$2rdacarrier
=504  \\$aIncludes bibliographical references (pages 38-47).
=505  00$tIntroduction --$tPulse cultivation in Africa --$tPulse/legume options for farming system niches --$tHow to promote pulses and legumes --$tResearch priorities --$tConclusions and recommendations --$tKey recommendations --$tReferences.
=520  \\$a"Pulses have a long history in sub-Saharan Africa due to their multiple benefits. Pulses, and legumes in general, can play an important role in agriculture thanks to their ability to biologically fix atmospheric nitrogen and to enhance the biological turnover of phosphorus. Indeed, they could become the cornerstone of sustainable agriculture in Africa. This publication reviews promising strategies to support the cultivation and utilization of pulses on smallholder farms in sub-Saharan Africa. The review is part of the legacy of the International Year of Pulses (IYP), which sought to recognize the contribution that pulses make to human well-being and the environment."
=530  \\$aAlso available online.
=650  \0$aLegumes$zAfrica, Sub-Saharan.
=650  \7$aLegumes.$2fast$0(OCoLC)fst00995927
=651  \7$aSub-Saharan Africa.$2fast$0(OCoLC)fst01239520
=700  1\$aRahmanian, Maryam,$eauthor.
=700  1\$aBatello, Caterina,$eauthor.
=700  1\$aCalles, Teodardo,$eeditor.
=710  2\$aFood and Agriculture Organization of the United Nations,$eissuing body.
=852  41$aBritish Library$bHMNTS$jOPB.2020.x.66
=856  41$uhttp://www.fao.org/3/i8300en/I8300EN.pdf$zConnect to PDF version
=CAT  \\$a11373$b40$c20181022$lBLL01$h1221
=CAT  \\$aBATCH-016$c20181024$lBLL01$h2148
=CAT  \\$a6632$b40$c20200305$lBLL01$h1450
=FIN  \\$aY$d20200305
=FMT  \\$a  BK
=LAS  \\$a6632$b40$c20200305$lBLL01$h1450
=SID  \\$aZ39$bOCLC

