=LDR  03052 am a22005651a 4500
=001  015120716
=003  Uk
=005  20100304213602.0
=008  100216s2009\\\\it\a\\\\\b\\\\000|0\eng|\
=015  \\$aGBB035068$2bnb
=016  7\$a015120716$2Uk
=020  \\$a9789251061862 (pbk.) :$cNo price
=020  \\$a9251061866 (pbk.) :$cNo price
=035  \\$a(OCoLC)318876460
=040  \\$aStDuBDS$beng$cStDuBDS
=042  \\$aukblsr
=050  \4$aSH328$b.I495 2009
=082  04$a333.956$222
=245  00$aInformation and knowledge sharing.
=260  \\$aRome :$bFood and Agriculture Organization of the United Nations,$c2009.
=300  \\$axvi, 97 p. :$bill. ;$c21 cm.
=336  \\$atext$2rdacontent
=337  \\$aunmediated$2rdamedia
=338  \\$avolume$2rdacarrier
=490  0\$aFAO technical guidelines for responsible fisheries ;$v12
=504  \\$aIncludes bibliographical references.
=505  2\$aStakeholder groups and the flow of information -- The role of information in implementing the code -- Access and affordability of information -- Finding fisheries information -- Generating knowledge -- Recording information and knowledge -- Disseminating fisheries information -- Sharing information : networking, partnerships and platforms -- Information, knowledge and small-scale fisheries -- Information constraints in developing countries and actions needed.
=520  \\$aThese guidelines focus on information and knowledge sharing and its current and potential role in supporting implementation of the Code of conduct for responsible fisheries. They highlight the issues involved for individuals and organizations to have access to the information they need and, as importantly, to share their own information and knowledge with others. Particular attention is paid to the needs of developing countries, many of which continue to express concern that the lack of access to timely, relevant and accurate information is a serious constraint to the implementation of the code--Publisher's description.
=530  \\$aAlso available online.
=650  \0$aFishery management.
=650  \0$aKnowledge management.
=700  1\$aWebster, Janet G.
=710  2\$aFood and Agriculture Organization of the United Nations.
=730  0\$aCode of conduct for responsible fisheries.
=830  \0$aFAO technical guidelines for responsible fisheries ;$v12.
=852  41$aBritish Library$bHMNTS$jYD.2009.a.4020
=852  41$aBritish Library$bHMNTS$jOPD.2010.x.9
=856  11$uftp://ftp.fao.org/docrep/fao/011/i0587e/i0587e00.pdf$zConnect to online resource
=985  \\$aNETCAT record
=CAT  \\$a12327$b40$c20090428$lBLL01$h0808
=CAT  \\$a12327$b40$c20090428$lBLL01$h0910
=CAT  \\$a10926$b40$c20090608$lBLL01$h1355
=CAT  \\$aBATCH-SURR$b00$c20100304$lBLL01$h2135
=CAT  \\$aBATCH$b00$c20100304$lBLL01$h2136
=CAT  \\$aWR16_021$c20160624$lBLL01$h1816
=FIN  \\$aY$d20100304
=FMT  \\$a  BK
=LAS  \\$aWR16_021$b00$c20160624$lBLL01$h1816
=SID  \\$aZ39$bOCLC
=SRC  \\$aNETCAT$bnetcatprn.20100304

