=LDR  02838 am a22005051a 4500
=001  015120786
=003  Uk
=005  20100408213046.0
=008  100316s2008\\\\it\\\\\\\||||\000|0\eng|\
=015  \\$aGBB048278$2bnb
=016  7\$a015120786$2Uk
=020  \\$a9789250061115 (pbk.) :$cNo price
=020  \\$a9250061110 (pbk.) :$cNo price
=035  \\$a(OCoLC)313650464
=040  \\$aStDuBDS$beng$cStDuBDS
=041  0\$aeng$afre$aspa
=042  \\$aukblsr
=082  04$a639.8$222
=245  00$aStrategy and outline plan for improving information on status and trends of aquaculture =$bStratégie et plan visant àmeliorer l'information sur la situation et les tendances de l'aquaculture = estrategia y plan para mejorar la información sobre la situación y las tendencias de la acuicultura.
=246  31$aStratégie et plan visant à améliorer l'information sur la situation et les tendances de l'aquaculture
=246  31$aEstrategia y plan para mejorar la información sobre la situación y las tendencias de la acuicultura
=260  \\$aRome :$bFood and Agriculture Organization of the United Nations,$c2008.
=300  \\$aviii, 73 p. ;$c21 cm.
=336  \\$atext$2rdacontent
=337  \\$aunmediated$2rdamedia
=338  \\$avolume$2rdacarrier
=520  \\$aThis document presents a strategy and outline plan for improving information on the status and trends of aquaculture. The Strategy-STA is a voluntary instrument that applies to all states and entities. Its overall objective is to provide a framework, strategy and plan for the improvement of knowledge and understanding of status and trends of aquaculture as a basis for policy-making and management. Required actions are specified, with a primary emphasis on the need for capacity building in developing countries. The basic structure and guiding principles of the strategy for capture fisheries are retained and adjustments are made as necessary to meet the specific needs of aquaculture.--Publisher's description.
=530  \\$aAlso available online.
=546  \\$aText in English, French, and Spanish.
=650  \0$aAquaculture$xGovernment policy.
=710  2\$aFood and Agriculture Organization of the United Nations.
=852  41$aBritish Library$bHMNTS$jYK.2010.a.18989
=852  41$aBritish Library$bDSC$jm09/.20366
=856  41$uhttp://www.fao.org/docrep/011/i0445t/i0445t00.HTM$zConnect to online resource
=985  \\$aNETCAT record
=CAT  \\$a12630$b40$c20090428$lBLL01$h0933
=CAT  \\$a9666$b40$c20090428$lBLL01$h1412
=CAT  \\$aBATCH-SURR$b00$c20100408$lBLL01$h2130
=CAT  \\$aBATCH$b00$c20100408$lBLL01$h2130
=CAT  \\$aWR16_021$c20160624$lBLL01$h1816
=FIN  \\$aY$d20100408
=FMT  \\$a  BK
=LAS  \\$aWR16_021$b00$c20160624$lBLL01$h1816
=SID  \\$aZ39$bOCLC
=SRC  \\$aNETCAT$bnetcatprn.20100408

