=LDR  02999cam a22007217a 4500
=001  013609149
=003  Uk
=005  20230924061742.0
=008  060912s2006\\\\it\\\\\\\b\\\i000\0\eng\d
=020  \\$a9251055327
=020  \\$a9789251055328
=035  \\$a(OCoLC)74711783
=040  \\$aMNU$cMNU$dORE
=043  \\$ad------$add-----
=050  \4$aHD9450.5$b.R48 2006
=245  00$aReview of the current state of world aquaculture insurance /$cby Raymon van Anrooy ... [et al.].
=246  30$aCurrent state of world aquaculture insurance
=260  \\$aRome :$bFood and Agriculture Organization of the United Nations,$c2006.
=300  \\$axii, 92 p. ;$c25 cm.
=336  \\$atext$2rdacontent
=337  \\$aunmediated$2rdamedia
=338  \\$avolume$2rdacarrier
=490  1\$aFAO fisheries technical paper ;$v493
=504  \\$aIncludes bibliographical references.
=530  \\$aAlso available on the World Wide Web.
=540  \\$aCurrent Copyright Fee: GBP25.00$c0$5Uk
=650  \0$aAquaculture industry$xInsurance$zDeveloping countries.
=650  \0$aAquaculture industry$xInsurance$zDeveloped countries.
=650  \0$aAquaculture industry$xRisk management$zDeveloping countries.
=650  \0$aAquaculture industry$xRisk management$zDeveloped countries.
=700  1\$aAnrooy, Raymon van.
=830  \0$aFAO fisheries technical paper ;$v493.
=852  41$aBritish Library$bDSC$j3865.641000$ino. 493
=856  11$uftp://ftp.fao.org/docrep/fao/009/a0583e/a0583e00.pdf$zConnect to this title online
=985  \\$aProvisional record - DSC
=ACF  \\$aPrevious Copyright Fee: GBP12.30$c0$e01-jan-2014$fGBP12.30$g0$hA$5Uk
=ACF  \\$aPrevious Copyright Fee: GBP15.00$c0$e01-jan-2017$fGBP15.00$g0$hA$5Uk
=ACF  \\$aPrevious Copyright Fee: GBP20.00$c0$e01-jan-2020$fGBP20.00$g0$hA$5Uk
=CAT  \\$a9504$b40$c20061122$lBLL01$h1309
=CAT  \\$aBATCH$b00$c20091217$lBLL01$h0439
=CAT  \\$aBATCH$b00$c20100103$lBLL01$h1232
=CAT  \\$aBATCH-CLA$b00$c20140102$lBLL01$h0317
=CAT  \\$aBATCH-UPD$b00$c20140102$lBLL01$h1200
=CAT  \\$aBATCH-CLA$b00$c20161222$lBLL01$h1811
=CAT  \\$aIPL-CLA$c20161230$lBLL01$h2207
=CAT  \\$aBATCH-CLA$b00$c20171222$lBLL01$h2134
=CAT  \\$aIPL-CLA$c20171231$lBLL01$h1700
=CAT  \\$aBATCH-CLA$b00$c20191219$lBLL01$h1737
=CAT  \\$aIPL-CLA$c20191231$lBLL01$h1942
=CAT  \\$aR2001-1524$c20200127$lBLL01$h2019
=CAT  \\$aBATCH-CLA$b00$c20200128$lBLL01$h0413
=CAT  \\$aBATCH-CLA$b00$c20201204$lBLL01$h1540
=CAT  \\$aIPL-CLA$c20201231$lBLL01$h2216
=CAT  \\$aBATCH-CLA$b00$c20221221$lBLL01$h1850
=CAT  \\$aIPL-CLA$c20221231$lBLL01$h2129
=CAT  \\$aW2308-1659$c20230923$lBLL01$h1032
=CAT  \\$aBATCH-CLA$b00$c20230924$lBLL01$h0617
=CFI  0\$aCurrent Copyright Fee: GBP25.00$c0$e01-jan-2023$fGBP25.00$g0$hA$5Uk
=FIN  \\$aY$d20061122
=FMT  \\$a  BK
=LAS  \\$aBATCH-CLA$b00$c20230924$lBLL01$h0617
=SID  \\$aZ39$bOCLC
=TCO  \\$aITA$bAIDRO / SIAE$c008

