=LDR  04065cam a22009371a 4500
=001  013641369
=003  Uk
=005  20221231213137.0
=008  081230s2006\\\\it\a\\\\\b\\\\000|0\eng|\
=010  \\$a  2007456868
=015  \\$aGBB013331$2bnb
=016  7\$a013641369$2Uk
=020  \\$a9789251055601 (pbk.) :$cNo price
=020  \\$a9251055602 (pbk.) :$cNo price
=035  \\$a(OCoLC)ocm79626528
=040  \\$aStDuBDS$beng$cStDuBDS
=042  \\$aukblsr
=043  \\$ae------$ad------
=050  00$aHD1417$b.A4484 2006
=082  04$a338.181$222
=245  04$aThe agricultural dimension of the ACP-EU Economic Partnership Agreements /$cedited by Suffyan Koroma and J.R. Deep Ford.
=246  3\$aAgricultural dimension of the African, Caribbean and Pacific-European Union economic partnership agreements
=260  \\$aRome :$bFood and Agriculture Organization of the United Nations, Commodities and Trade Division,$c2006.
=300  \\$axi, 146 p. :$bill. ;$c30 cm.
=336  \\$atext$2rdacontent
=337  \\$aunmediated$2rdamedia
=338  \\$avolume$2rdacarrier
=490  0\$aFAO commodities and trade technical paper ;$v8
=504  \\$aIncludes bibliographical references.
=530  \\$aAlso available on the World Wide Web.
=540  \\$aCurrent Copyright Fee: GBP25.00$c0$5Uk
=630  00$aCotonou Agreement$d(2000 June 23)
=650  \0$aAgriculture and state$zDeveloping countries.
=650  \0$aAgriculture and state$zEuropean Union countries.
=651  \0$aDeveloping countries$xForeign economic relations$zEuropean Union countries.
=651  \0$aEuropean Union countries$xForeign economic relations$zDeveloping countries.
=690  7\$aManagement and Business Studies$2blcoll
=700  1\$aKoroma, Suffyan.
=700  1\$aFord, Deep.
=710  2\$aFood and Agriculture Organization of the United Nations.$bCommodities and Trade Division.
=830  \0$aFAO commodities and trade technical paper ;$v8.
=852  41$aBritish Library$bDSC$j3865.609000$ino. 8
=852  41$aBritish Library$bHMNTS$jYK.2009.b.3550
=856  41$uhttp://www.fao.org/docrep/009/a0676e/a0676e00.htm$zOnline resource
=985  \\$aNETCAT record
=ACF  \\$aPrevious Copyright Fee: GBP12.30$c0$e01-jan-2014$fGBP12.30$g0$hA$5Uk
=ACF  \\$aPrevious Copyright Fee: GBP15.00$c0$e01-jan-2017$fGBP15.00$g0$hA$5Uk
=ACF  \\$aPrevious Copyright Fee: GBP20.00$c0$e01-jan-2020$fGBP20.00$g0$hA$5Uk
=CAT  \\$a12327$b40$c20070111$lBLL01$h0840
=CAT  \\$aBATCH$b00$c20091217$lBLL01$h0443
=CAT  \\$aBATCH$b00$c20100103$lBLL01$h1237
=CAT  \\$aBATCH-SURR$b00$c20100204$lBLL01$h1631
=CAT  \\$aBATCH$b00$c20100204$lBLL01$h1635
=CAT  \\$aBATCH690$c20100715$lBLL01$h2104
=CAT  \\$aBATCH-UPD$b00$c20100715$lBLL01$h2207
=CAT  \\$aBATCH-MBS$c20100716$lBLL01$h2048
=CAT  \\$aBATCH-UPD$b00$c20120816$lBLL01$h2318
=CAT  \\$aBATCH-UPD$b00$c20140519$lBLL01$h2036
=CAT  \\$aBATCH-CLA$b00$c20140520$lBLL01$h0043
=CAT  \\$aWR16_021$c20160617$lBLL01$h1804
=CAT  \\$aBATCH-UPD$b00$c20160617$lBLL01$h1812
=CAT  \\$aBATCH-CLA$b00$c20160618$lBLL01$h0137
=CAT  \\$aBATCH-CLA$b00$c20161222$lBLL01$h1812
=CAT  \\$aIPL-CLA$c20161230$lBLL01$h2209
=CAT  \\$aBATCH-CLA$b00$c20171222$lBLL01$h2135
=CAT  \\$aIPL-CLA$c20171231$lBLL01$h1701
=CAT  \\$aBATCH-CLA$b00$c20191219$lBLL01$h1738
=CAT  \\$aIPL-CLA$c20191231$lBLL01$h1943
=CAT  \\$aR2001-1524$c20200127$lBLL01$h2020
=CAT  \\$aBATCH-CLA$b00$c20200128$lBLL01$h0453
=CAT  \\$aBATCH-CLA$b00$c20201204$lBLL01$h1541
=CAT  \\$aIPL-CLA$c20201231$lBLL01$h2217
=CAT  \\$aBATCH-CLA$b00$c20221221$lBLL01$h1850
=CAT  \\$aIPL-CLA$c20221231$lBLL01$h2131
=CFI  0\$aCurrent Copyright Fee: GBP25.00$c0$e01-jan-2023$fGBP25.00$g0$hA$5Uk
=CFI  2\$aPrevious Copyright Fee: GBP22.50$c0$e01-jan-2021$fGBP22.50$g0$hA$5Uk
=FIN  \\$aY$d20100204
=FMT  \\$a  BK
=LAS  \\$aIPL-CLA$b00$c20221231$lBLL01$h2131
=SRC  \\$aBLL02.20100204
=SRC  \\$aNETCAT$bnetcatprn.20100204

