=LDR  02431cam a2200457 a 4500
=001  015363521
=003  Uk
=005  20090903115743.0
=008  090526s2008\\\\it\a\\\\\b\\\i000\0\eng\d
=010  \\$a  2009382178
=020  \\$a9789251060629 (pbk.)
=020  \\$a9251060622 (pbk.)
=035  \\$a(OCoLC)ocn297533622
=040  \\$aNz$cNZWFI$dUk$dCOD$dBTCTA$dCUY$dIXA$dDLC
=042  \\$aukblcatcopy
=050  00$aSH328$b.F56243 2008
=245  00$aFisheries management.$n3,$pManaging fishing capacity /$cFood and Agrigulture Organization of the United Nations.
=246  30$aManaging fishing capacity
=260  \\$aRome :$bFood and Agriculture Organization of the United Nations,$c2008.
=300  \\$axii, 104 p. :$bill. ;$c21 cm.
=336  \\$atext$2rdacontent
=337  \\$aunmediated$2rdamedia
=338  \\$avolume$2rdacarrier
=490  1\$aFAO technical guidelines for responsible fisheries,$x1020-5292 ;$v4, suppl. 3
=500  \\$a"These guidelines ... have been finalized by the FAO Fisheries and Aquaculture Economics and Policy Division"--P. iii.
=504  \\$aIncludes bibliographical references (p. 77-79).
=505  2\$aIntroduction -- Basic concepts -- Developing a plan of action for managing fishing capacity -- Assessing, measuring and monitoring capacity -- Managing fishing capacity : management measures and their effects -- Transitional considerations for capacity reduction -- Building institutional capacity -- Summary of key actions.
=520  \\$aThe purpose of these guidelines is to aid stakeholders and fisheries managers in the development of national and regional plans of action for the management of fishing capacities, in order to align fishing capacity with the sustainable use of fish stocks.--Publisher's description.
=530  \\$aAvailable both in print and online.
=650  \0$aFishery management.
=710  2\$aFAO Fisheries and Aquaculture Economics and Policy Division.
=830  \0$aFAO technical guidelines for responsible fisheries,$x1020-5292 ;$v4, suppl. 3.
=852  41$aBritish Library$bHMNTS$jYD.2009.a.5596
=856  11$uftp://ftp.fao.org/docrep/fao/011/i0318e/i0318e.pdf$zConnect to online resource
=CAT  \\$a10926$b40$c20090903$lBLL01$h1157
=CAT  \\$aBATCH-UPD$b40$c20210210$lBLL01$h2219
=CAT  \\$aW2308-1659$c20230923$lBLL01$h1046
=FIN  \\$aY$d20090903
=FMT  \\$a  BK
=LAS  \\$aW2308-1659$b00$c20230923$lBLL01$h1046
=SRC  \\$aBLL02

