=LDR  02686cam a2200469 a 4500
=001  015491796
=003  Uk
=005  20110704091454.0
=008  100102t20082009it\a\\\\\b\\\|0|0\0|eng\d
=015  \\$aGBB179898$2bnb
=016  7\$a015491796$2Uk
=020  \\$a9789251059784 (spiral)
=020  \\$a9251059780 (spiral)
=035  \\$a(OCoLC)495781343
=040  \\$aBTCTA$beng$cBTCTA$dCOD$dUk$dUk
=042  \\$aukblsr
=082  04$a363.19264$223
=245  00$aGM food safety assessment :$btools for trainers.
=260  \\$aRome :$bFood and Agriculture Organization of the United Nations,$c2008, c2009.
=300  \\$ax, 191 p. :$bill. (some col.) ;$c30 cm. +$e1 CD-ROM.
=336  \\$atext$2rdacontent
=337  \\$aunmediated$2rdamedia
=338  \\$avolume$2rdacarrier
=504  \\$aIncludes bibliographical references.
=505  2\$apt. 1. Principles of safety assessment of foods derived from recombinant-DNA plants -- pt. 2. Tools and techniques for trainers -- pt. 3. Case studies.
=520  \\$aWhile the FAO recognizes that genetic engineering has the potential to help increase production and productivity in agriculture, forestry and fisheries, it is also mindful of concerns about the potential risks posed by certain aspects of modern biotechnology, including effects on human and animal health and possible environmental consequences. This training package is composed of three parts: Principles of safety assessment of foods derived from recombined-DNA plants, Tools and technique for trainers, and Case Studies. It is also includes a CD-ROM containing the visual aids and other relevant reference material. After the completion of training based in this tool, recipients will be able to plan and deliver GM food safety assessment training for food safety authorities, regulators and scientists as part of their own national training programs.--Publisher's description.
=530  \\$aAlso available online.
=650  \0$aGenetically modified foods$xSafety measures$xStandards.
=650  \0$aFood industry and trade$xSafety measures.
=710  2\$aFood and Agriculture Organization of the United Nations.
=852  41$aBritish Library$bHMNTS$jEMC.2011.b.586
=852  41$aBritish Library$bHMNTS$jEMD.2010.b.8
=856  11$uftp://ftp.fao.org/docrep/fao/012/i0110e/i0110e.pdf$zConnect to online resource
=CAT  \\$a11257$b40$c20100219$lBLL01$h0948
=CAT  \\$a10775$b40$c20100225$lBLL01$h1629
=CAT  \\$a10775$b40$c20110704$lBLL01$h0914
=CAT  \\$aWR16_021$c20160626$lBLL01$h1806
=CAT  \\$aW2308-1659$c20230923$lBLL01$h1053
=FIN  \\$aY$d20100225
=FMT  \\$a  BK
=LAS  \\$aW2308-1659$b00$c20230923$lBLL01$h1053
=SID  \\$aZ39$bOCLC

