=LDR  03161cam a22007577a 4500
=001  015568345
=003  Uk
=005  20230924065736.0
=008  100416s2010\\\\it\ab\\\\b\\\\000\0\eng\c
=020  \\$a9789251064894 (pbk.)
=020  \\$a925106489X (pbk.)
=035  \\$a(OCoLC)607556335
=040  \\$aOSU$cOSU$dOSU$dUk
=042  \\$aukblderived
=050  \4$aQL384.H7$bP87 2010
=082  \\$a639.27$qUK-WkNB
=100  1\$aPurcell, Steven W.
=245  10$aManaging sea cucumber fisheries with an ecosystem approach /$cby Steven W. Purcell ; edited and compiled by Alessandro Lovatelli, Marcelo Vasconcellos, and Yimin Ye.
=260  \\$aRome :$bFood and Agriculture Organization of the United Nations,$c2010.
=300  \\$ax, 157 p. :$bcol. ill., col. maps ;$c30 cm.
=336  \\$atext$2rdacontent
=337  \\$aunmediated$2rdamedia
=338  \\$avolume$2rdacarrier
=490  1\$aFAO fisheries and aquaculture technical paper,$x2070-7010 ;$v520
=504  \\$aIncludes bibliographical references (p. 135-143).
=530  \\$aAlso available online.
=540  \\$aCurrent Copyright Fee: GBP25.00$c0$5Uk
=650  \0$aSea cucumbers$xEcology.
=650  \0$aTrepang fisheries$xManagement.
=700  1\$aLovatelli, Alessandro.
=700  1\$aVasconcellos, Marcelo,$d1971-
=700  1\$aYe, Yimin,$d1958-
=710  2\$aFood and Agriculture Organization of the United Nations.
=830  \0$aFAO fisheries and aquaculture technical paper ;$v520.
=852  41$aBritish Library$bDSC$j3865.629400$ino. 520
=856  40$uhttp://www.fao.org/docrep/012/i1384e/i1384e00.htm$zConnect to resource
=985  \\$aCorrected by MS generated file for WR# 12.018
=ACF  \\$aPrevious Copyright Fee: GBP12.30$c0$e01-jan-2014$fGBP12.30$g0$hA$5Uk
=ACF  \\$aPrevious Copyright Fee: GBP15.00$c0$e01-jan-2017$fGBP15.00$g0$hA$5Uk
=ACF  \\$aPrevious Copyright Fee: GBP20.00$c0$e01-jan-2020$fGBP20.00$g0$hA$5Uk
=CAT  \\$a7164$b40$c20100602$lBLL01$h1609
=CAT  \\$aBATCH-UPD$b40$c20100716$lBLL01$h2047
=CAT  \\$a6916$b40$c20111026$lBLL01$h0937
=CAT  \\$aBLSS-CORR$b00$c20120724$lBLL01$h1800
=CAT  \\$a8964$b40$c20140328$lBLL01$h1533
=CAT  \\$aBATCH-CLA$b00$c20150314$lBLL01$h0050
=CAT  \\$aBATCH-CLA$b00$c20161222$lBLL01$h1831
=CAT  \\$aIPL-CLA$c20161230$lBLL01$h2344
=CAT  \\$aBATCH-CLA$b00$c20171222$lBLL01$h2203
=CAT  \\$aIPL-CLA$c20171231$lBLL01$h1801
=CAT  \\$aBATCH-CLA$b00$c20191219$lBLL01$h1754
=CAT  \\$aIPL-CLA$c20191231$lBLL01$h2023
=CAT  \\$aR2001-1524$c20200127$lBLL01$h2049
=CAT  \\$aBATCH-CLA$b00$c20200128$lBLL01$h0455
=CAT  \\$aBATCH-CLA$b00$c20201204$lBLL01$h1604
=CAT  \\$aIPL-CLA$c20201231$lBLL01$h2322
=CAT  \\$aBATCH-CLA$b00$c20221221$lBLL01$h1920
=CAT  \\$aIPL-CLA$c20221231$lBLL01$h2253
=CAT  \\$aW2308-1659$c20230923$lBLL01$h1056
=CAT  \\$aBATCH-CLA$b00$c20230924$lBLL01$h0657
=CFI  0\$aCurrent Copyright Fee: GBP25.00$c0$e01-jan-2023$fGBP25.00$g0$hA$5Uk
=FIN  \\$aY$d20100602
=FMT  \\$a  BK
=LAS  \\$aBATCH-CLA$b00$c20230924$lBLL01$h0657
=SID  \\$aZ39$bOCLC
=TCO  \\$aITA$bAIDRO / SIAE$c008

