=LDR  03688cam a22005417a 4500
=001  015602402
=003  Uk
=005  20230924065422.0
=008  100505s2009\\\\it\a\\\\\b\\\\000\0\eng\d
=020  \\$a9789251063439 (pbk.)
=020  \\$a9251063435 (pbk.)
=035  \\$a(OCoLC)611585092$z(OCoLC)535494542
=040  \\$aGUA$cGUA$dGUA$dBTCTA$dCOD$dAGX$dUk
=042  \\$aukblderived
=245  04$aThe 2007-2008 food price swing :$bimpact and policies in Eastern and Southern Africa.
=246  3\$aTwo thousand seven-two thousand eight food price swing impact and policies in Eastern and Southern Africa
=260  \\$aRome :$bFood and Agriculture Organization of the United Nations,$c2009.
=300  \\$avii, 117 p. :$bill. (some col.) ;$c30 cm.
=336  \\$atext$2rdacontent
=337  \\$aunmediated$2rdamedia
=338  \\$avolume$2rdacarrier
=490  1\$aFAO commodities and trade technical paper ;$v12
=504  \\$aIncludes bibliographical references (p. [109]-117).
=505  2\$aIntroduction -- The 2005-2008 food price swing -- Price transmission in Eastern and Southern Africa -- The impact of price changes on poverty and food security -- Policies for managing food price swings at the market level -- Improving access to food and inputs : consumption and production subsidies at the household level -- The role of rural finance in price swings -- Riding the price surge and slump : macroeconomic consequences and policies.
=520  \\$aBetween 2007 and 2008, the world experienced a dramatic swing in commodity prices. Eastern and Southern African countries experienced considerable difficulties due to the price food swing. The food price boom resulted in increased poverty and significant food security problems as households struggled to meet the high cost of food. The decline in exports due to weak demand, decreased foreign investment and migrant remittances, as well as high unemployment all added to the burden of already vulnerable African Countries. Policy reactions to the food price surge have been prompt in many developing countries. The key objective of this title is to discuss feasible approaches for the economic management of food price booms and slumps. As a first step to policy assessment, the paper also reviews the nature of the food price swing, analyzes its impact on both household and wider economy levels and examines the policies that have been, or are currently being implemented in Eastern and Southern Africa.--Publisher's description.
=530  \\$aAlso available online.
=540  \\$aCurrent Copyright Fee: GBP25.00$c0$5Uk
=650  \0$aFood prices$zAfrica.
=650  \0$aFood prices$xLaw and legislation$zAfrica.
=710  2\$aFood and Agriculture Organization of the United Nations.
=830  \0$aFAO commodities and trade technical paper ;$v12.
=852  41$aBritish Library$bDSC$j3865.609000$ino. 12
=856  11$uftp://ftp.fao.org/docrep/fao/012/i0984e/i0984e00.pdf$zConnect to online resource
=ACF  \\$aPrevious Copyright Fee: GBP20.00$c0$e01-jan-2020$fGBP20.00$g0$hA$5Uk
=CAT  \\$a7164$b40$c20100715$lBLL01$h0823
=CAT  \\$aBATCH-CLA$b00$c20200128$lBLL01$h0531
=CAT  \\$aBATCH-CLA$b00$c20201204$lBLL01$h1604
=CAT  \\$aIPL-CLA$c20201231$lBLL01$h2323
=CAT  \\$aBATCH-CLA$b00$c20221221$lBLL01$h1920
=CAT  \\$aIPL-CLA$c20221231$lBLL01$h2255
=CAT  \\$aW2308-1659$c20230923$lBLL01$h1058
=CAT  \\$aBATCH-CLA$b00$c20230924$lBLL01$h0654
=CFI  0\$aCurrent Copyright Fee: GBP25.00$c0$e01-jan-2023$fGBP25.00$g0$hA$5Uk
=FIN  \\$aY$d20100715
=FMT  \\$a  BK
=LAS  \\$aBATCH-CLA$b00$c20230924$lBLL01$h0654
=SID  \\$aZ39$bOCLC
=TCO  \\$aITA$bAIDRO / SIAE$c008

