=LDR  04523cam a22008057a 4500
=001  015622934
=003  Uk
=005  20230924065748.0
=008  100226s2010\\\\it\\\\\\\\\\\\100\0\eng\d
=020  \\$a9789250064420
=020  \\$a925006442X
=035  \\$a(OCoLC)535494537
=040  \\$aBTCTA$beng$cBTCTA$dCOD$dUk
=041  0\$aeng$afre$aspa
=082  \\$a338.3727$qUK-WkNB
=245  00$aReport of the Global Conference on Small-scale Fisheries :$bsecuring sustainable small-scale fisheries : bringing together responsible fisheries and social development. Bangkok, Thailand, 13-17 October 2008 = Rapport de la Conférence Mondiale sur les Pêches Artisanales : pour une pêche artisanale durable : associer la pêche responsable au développement social = Informe de la Conferencia Mundial sobre la Pesca en Pequeña Escala : garantizar la pesca en pequeña escala : pesca responsable y desarrollo social unidos.
=246  11$aRapport de la Conférence Mondiale sur les Pêches Artisanales
=246  11$aInforme de la Conferencia Mundial sobre la Pesca en Pequeña Escala
=260  \\$aRome :$bFood & Agriculture Organisation,$c2010.
=300  \\$a189 p. ;$c30 cm.
=336  \\$atext$2rdacontent
=337  \\$aunmediated$2rdamedia
=338  \\$avolume$2rdacarrier
=490  0\$aFAO fisheries and aquaculture report,$x2070-6987 ;$vno. 911
=505  2\$aIntroduction -- Overview -- Conference welcome and opening statements -- Keynote address -- Theme 1 : securing sustainable resource use and access rights -- Theme 2 : securing post-harvest benefits -- Theme 3 : securing social, economic and human rights -- The way forward -- Conference summing up and closure.
=520  \\$aThis report provides a summary of the presentations, panel statements and working group discussions of the Bangkok Global Conference on Small-Scale Fisheries in 2008. The conference identified several critical ways forward in securing sustainable small-scale fisheries that integrate social, cultural and economic development, address resource access and use rights issues guided by human rights principles, and recognize the rights of indigenous peoples.--Publisher's description.
=530  \\$aAlso available online.
=540  \\$aCurrent Copyright Fee: GBP25.00$c0$5Uk
=546  \\$aText in English, French and Spanish.
=591  \\$aReport.
=653  1\$aSmall-scale fisheries
=653  1\$aPêches artisanales
=653  1\$aPesca en pequeña escala
=690  7\$aManagement and Business Studies$2blcoll
=710  2\$aFood and Agriculture Organization of the United Nations.
=852  41$aBritish Library$bDSC$j3865.629375$ino. 911
=856  11$uhttp://www.fao.org/docrep/012/i1227t/i1227t.pdf$zConnect to online resource
=945  \\$aFAO fisheries and aquaculture report, ISSN 2070-6987 ; v 911 2009
=985  \\$aCorrected by MS generated file for WR# 12.018
=ACF  \\$aPrevious Copyright Fee: GBP12.30$c0$e01-jan-2014$fGBP12.30$g0$hA$5Uk
=ACF  \\$aPrevious Copyright Fee: GBP15.00$c0$e01-jan-2017$fGBP15.00$g0$hA$5Uk
=ACF  \\$aPrevious Copyright Fee: GBP20.00$c0$e01-jan-2020$fGBP20.00$g0$hA$5Uk
=CAT  \\$a7164$b40$c20100810$lBLL01$h1431
=CAT  \\$a8962$b40$c20100812$lBLL01$h1412
=CAT  \\$a8962$b40$c20100812$lBLL01$h1425
=CAT  \\$a8962$b40$c20100812$lBLL01$h1426
=CAT  \\$aBLSS-CORR$b00$c20120724$lBLL01$h1800
=CAT  \\$aBATCH-MBS$c20120727$lBLL01$h2106
=CAT  \\$aBATCH-CLA$b00$c20140906$lBLL01$h0955
=CAT  \\$aBATCH-CLA$b00$c20161222$lBLL01$h1831
=CAT  \\$aIPL-CLA$c20161230$lBLL01$h2346
=CAT  \\$aBATCH-CLA$b00$c20171222$lBLL01$h2204
=CAT  \\$aIPL-CLA$c20171231$lBLL01$h1802
=CAT  \\$aBATCH-CLA$b00$c20191219$lBLL01$h1755
=CAT  \\$aIPL-CLA$c20191231$lBLL01$h2024
=CAT  \\$aR2001-1524$c20200127$lBLL01$h2050
=CAT  \\$aBATCH-CLA$b00$c20200128$lBLL01$h0455
=CAT  \\$aBATCH-CLA$b00$c20201204$lBLL01$h1605
=CAT  \\$aIPL-CLA$c20201231$lBLL01$h2323
=CAT  \\$aBATCH-CLA$b00$c20221221$lBLL01$h1920
=CAT  \\$aIPL-CLA$c20221231$lBLL01$h2256
=CAT  \\$aW2308-1659$c20230923$lBLL01$h1059
=CAT  \\$aBATCH-CLA$b00$c20230924$lBLL01$h0657
=CFI  0\$aCurrent Copyright Fee: GBP25.00$c0$e01-jan-2023$fGBP25.00$g0$hA$5Uk
=CNF  \\$aGlobal Conference on Small-scale Fisheries$d(2008 Oct :$cBangkok, Thailand)
=FIN  \\$aY$d20100812
=FMT  \\$a  BK
=LAS  \\$aBATCH-CLA$b00$c20230924$lBLL01$h0657
=SID  \\$aZ39$bOCLC
=TCO  \\$aITA$bAIDRO / SIAE$c008

