=LDR  04261cam a22007217a 4500
=001  015680682
=003  Uk
=005  20230924064643.0
=007  co\ugu||||||||
=008  100925s2009\\\\it\\\\\\\\\\\i100\0\eng\d
=020  \\$a9789251064399
=020  \\$a9251064393
=035  \\$a(OCoLC)666251693
=040  \\$aBTCTA$cBTCTA$dAZS$dCOD$dTXA$dUk
=042  \\$aukblderived
=245  00$aAdvances in the assessment and monitoring of salinization and status of biosaline agriculture :$breport of an expert consultation held in Dubai, United Arab Emirates, 26-29 November 2007.
=260  \\$aRome :$bFood and Agriculture Organization of the United Nations,$c2009.
=300  \\$aviii, 72 p. ;$c30 cm. +$e1 CD-ROM (4 3/4 in.).
=336  \\$atext$2rdacontent
=337  \\$acomputer$2rdamedia
=338  \\$acomputer disc$2rdacarrier
=490  1\$aWorld soil resources reports,$x0532-0488 ;$v104
=500  \\$a"Full papers."--CD-ROM.
=505  2\$aSession 1, Assessment and monitoring of salt-affected soils at field, landscape and irrigation district levels -- Session 2, Assessment and monitoring of salt-affected soils at national and regional levels -- Session 3, Modelling for salinity/sodicity development -- Session 4, Mapping and interpretation of spatial data -- Session 7, Sustainable biosaline agricultural systems.
=520  \\$aThe causes of salinity and sodicity, which vary between countries and regions, need to be identified, assessed and monitored carefully so that they can be managed and controlled. There is a need for practical and cost-effective methodologies for assessing, monitoring and mapping the extent and distribution of salt-affected soils; for identifying the causes and sources of the problem; and for choosing management options and evaluating the effectiveness of those options. The objective of this expert consultation was to exchange experiences with data collection and analysis for the assessment and monitoring of salinity and sodicity, with particular emphasis on practical applications at local, national, regional and global levels. Abstracts of the papers presented are included in the report, while full papers are included in the accompanying CD-ROM.--Publisher's description.
=530  \\$aAlso freely available online.
=540  \\$aCurrent Copyright Fee: GBP25.00$c0$5Uk
=650  \0$aSoils, Salts in$vCongresses.
=650  \0$aSoils$xSodium content$vCongresses.
=650  \0$aBiosaline resources$vCongresses.
=650  \0$aSodic soils$xEvaluation$vCongresses.
=650  \0$aSoils, Salts in$xEvaluation$vCongresses.
=650  \0$aSoils$xClassification$vCongresses.
=650  \0$aSoil mapping$vCongresses.
=650  \0$aSoil salinization$xRisk assessment$vCongresses.
=710  2\$aFood and Agriculture Organization of the United Nations.
=830  \0$aWorld soil resources reports ;$v104.
=852  41$aBritish Library$bDSC$j9360.035000$ino. 104
=856  41$uhttp://www.fao.org/docrep/012/i1220e/i1220e.pdf$zConnect to online version
=ACF  \\$aPrevious Copyright Fee: GBP12.30$c0$e01-jan-2014$fGBP12.30$g0$hA$5Uk
=ACF  \\$aPrevious Copyright Fee: GBP15.00$c0$e01-jan-2017$fGBP15.00$g0$hA$5Uk
=ACF  \\$aPrevious Copyright Fee: GBP20.00$c0$e01-jan-2020$fGBP20.00$g0$hA$5Uk
=CAT  \\$a7233$b40$c20101028$lBLL01$h1022
=CAT  \\$aBATCH-CLA$c20150210$lBLL01$h2015
=CAT  \\$aBATCH-CLA$b00$c20161222$lBLL01$h1832
=CAT  \\$aIPL-CLA$c20161230$lBLL01$h2348
=CAT  \\$aBATCH-CLA$b00$c20171222$lBLL01$h2205
=CAT  \\$aIPL-CLA$c20171231$lBLL01$h1804
=CAT  \\$aBATCH-CLA$b00$c20191219$lBLL01$h1755
=CAT  \\$aIPL-CLA$c20191231$lBLL01$h2025
=CAT  \\$aR2001-1524$c20200127$lBLL01$h2051
=CAT  \\$aBATCH-CLA$b00$c20200128$lBLL01$h0447
=CAT  \\$aBATCH-CLA$b00$c20201204$lBLL01$h1605
=CAT  \\$aIPL-CLA$c20201231$lBLL01$h2325
=CAT  \\$aBATCH-CLA$b00$c20221221$lBLL01$h1921
=CAT  \\$aIPL-CLA$c20221231$lBLL01$h2259
=CAT  \\$aW2308-1659$c20230923$lBLL01$h1102
=CAT  \\$aBATCH-CLA$b00$c20230924$lBLL01$h0646
=CFI  0\$aCurrent Copyright Fee: GBP25.00$c0$e01-jan-2023$fGBP25.00$g0$hA$5Uk
=FIN  \\$aY$d20101028
=FMT  \\$a  BK
=LAS  \\$aBATCH-CLA$b00$c20230924$lBLL01$h0646
=SID  \\$aZ39$bOCLC

