=LDR  03043 am a2200529 a 4500
=001  015779595
=003  Uk
=005  20120622133357.0
=008  110429s2010\\\\it\a\\\\\b\\\i000\0\eng\d
=010  \\$a  2010674908
=015  \\$aGBB261155$2bnb
=016  7\$a015779595$2Uk
=020  \\$a9789251065341
=020  \\$a9251065349
=035  \\$a(OCoLC)ocn676726229
=040  \\$aUk$beng$cUk$dUk
=042  \\$aukblcatcopy
=050  00$aSB175$b.S43 2010
=082  00$a333.9534$223
=245  04$aThe second report on the state of the world's plant genetic resources for food and agriculture.
=246  10$aPlant genetic resources for food and agriculture
=260  \\$aRome :$bCommission on Genetic Resources for Food and Agriculture, Food and Agriculture Organization of the United Nations,$c2010.
=300  \\$axxiv, 370 p. :$bill. (some col.) ;$c26 cm. +$e1 CD-ROM (4 3/4 in.)
=336  \\$atext$2rdacontent
=337  \\$aunmediated$2rdamedia
=338  \\$avolume$2rdacarrier
=500  \\$a"With country reports and thematic studies"--CD-ROM.
=504  \\$aIncludes bibliographical references.
=505  2\$aThe state of diversity -- The state of in situ management -- The state of ex situ conservation -- The state of use -- The state of national programmes, training needs and legislation -- The state of regional and international collaboration -- Access to plant genetic resources, the sharing of benefits arising out of their utilization and the realization of farmers' rights -- The contribution of PGRFA to food security and sustainable agricultural development.
=520  \\$aThis report, prepared with the participation of member countries as well as the public and private sectors, demonstrates the central role plant genetic diversity continues to play in shaping agriculture growth in the face of climate change and other environmental challenges. It provides the decision-makers with a technical basis for policy and technical decision to strengthen national efforts. It also aims to attract the attention of the global community to set priorities for the effective management of plant genetic resources for the future. Country reports and thematic studies are available on the accompanying CD-ROM.--Publisher's description.
=650  \0$aFood crops$xGermplasm resources.
=650  \0$aFood crops$xBreeding.
=650  \0$aGermplasm resources, Plant.
=710  2\$aCommission on Genetic Resources for Food and Agriculture.
=852  41$aBritish Library$bHMNTS$jEMC.2012.b.370
=852  41$aBritish Library$bDSC$jVm11/.5044
=856  41$uhttp://www.fao.org/docrep/013/i1500e/i1500e.pdf$zConnect to online resource
=CAT  \\$a8387$b40$c20110328$lBLL01$h1403
=CAT  \\$a8387$b40$c20110328$lBLL01$h1404
=CAT  \\$a8387$b40$c20110328$lBLL01$h1409
=CAT  \\$a9666$b40$c20110406$lBLL01$h1531
=CAT  \\$a5375$b40$c20120622$lBLL01$h1333
=CAT  \\$aWR16_021$c20160701$lBLL01$h1818
=FIN  \\$aY$d20120622
=FMT  \\$a  BK
=LAS  \\$aWR16_021$b00$c20160701$lBLL01$h1818
=SRC  \\$aBLL02

