=LDR  07014cam a22007697a 4500
=001  016032531
=003  Uk
=005  20221231231221.0
=008  111004s2011\\\\it\a\\\\\b\\\i100\0\eng\d
=020  \\$a9789251069028
=020  \\$a9251069026
=035  \\$a(OCoLC)756595566
=040  \\$aNLE$cNLE$dTXA$dCOD$dUk
=042  \\$aukblderived
=043  \\$ad------
=082  \\$a636.0852$qUK-WkNB
=245  00$aSuccesses and failures with animal nutrition practices and technologies in developing countries :$bFAO electronic conference, 1-30 September 2010 /$c[editor, Harinder P.S. Makkar].
=260  \\$aRome :$bFood and Agriculture Organization of the United Nations,$c2011.
=300  \\$aviii, 165 p. :$bcol. ill. ;$c25 cm.
=336  \\$atext$2rdacontent
=337  \\$aunmediated$2rdamedia
=338  \\$avolume$2rdacarrier
=490  1\$aFAO animal production and health proceedings,$x1810-0732 ;$v11
=504  \\$aIncludes bibliographical references.
=505  2\$aChange in animal nutrition research paradigm needed to benefit resource-poor livestock producers in countries like India / D.V. Rangnekar -- Technologies and practices for improving livestock feeding in India / M.P.G. Kurup -- Urea treatment of straws / T.K. Walli -- Urea treatment of straw : hugely extolled, rarely used / Mahesh Chander -- Production of urea-molasses-mineral blocks in a process developed by Dairyboard of India / M.R. Garg and P.L. Sherasia -- Impact of urea-molasses-multinutrient blocks supplementation on livestock production in Pakistan / S.A. Khanum [et al.] -- On-farm preparation of low-cost feed blocks using mulberry fruit wastes : impact analysis and adoption by farmers / Ghulam Habib -- Urea-molasses-multinutrient blocks/licks : a blend of nutrients for ruminants / M. Wadhwa and M.P.S. Bakshi -- Straw-based densified complete feed block technology / T.K. Walli --Processed crop residue based complete diets for enhancing ruminant performance / Y. Ramana Reddy and G.V.N. Reddy -- Processing and evaluation of poor-quality crop residues as livestock feed / M. Wadhwa and M.P.S. Bakshi -- Biological treatment of straws / T.K. Walli -- Rumen by-pass protein technology for enhancing productivity in dairy animals / M.R. Garg and P.L. Sherasia -- Rumen by-pass protein technology / T.K. Walli -- Food-feed-systems for smallholder livestock farmers / M. Wanapat and V. Chanthakhoun -- Silvopastoral system, cerrado and tropical forest biome in Brazil : case studies / Rogério Martins Maurício and Luciano Fernandes Sousa -- Utility of Arachis pintoi to renovate degraded pastures in a cattle producing region of the Amazon of Colombia / Carlos E. Lascano -- Integration of forage production with high-yielding rice variety cultivation in Bangladesh / A.B.M. Khaleduzzaman, M.A. Akbar and M. Shamsuddin --Low-cost silage technology increases milk production and farmers income in north-western districts of Bangladesh / A.B.M. Khaleduzzaman, M.A. Akbar and M. Shamsuddin -- Improving the utilisation of Napier grass by dairy cows through fractionating the stems into juice and fibrous residue / John Moran -- Utilisation of tannin-containing tree leaves in sheep and goat production / Raghavendra Bhatta [et al.] -- Economic utilisation of saline marginal lands for animal production / S.A. Khanum [et al.] -- Spineless cactus (Opuntia spp.) in low-input production systems in dry areas / Hichem Ben Salem -- Azolla : a sustainable animal feed? / Mahesh Chander -- Area-specific mineral mixtures for sheep and goat / A.K. Shinde and S.K. Sankhyan -- Investing in inorganic fertilisers on tropical dairy farms / John Moran -- Chaff cutters and fodder chaffing : a simple technology worth adoption / Mahesh Chander --Synthesis of the FAO e-conference "Successes and failures with animal nutrition practices and technologies in developing countries" / Emyr Owen, Tim Smith and Harinder Makkar.
=520  \\$a"During the last four decades a number of animal-nutrition-based technologies and practices have been developed and used in developing countries, with varying degrees of success. Some technologies have produced profound beneficial effects and have been widely used, while others have shown potential on research stations but have not been taken up by farmers. To learn from these experiences, the FAO Animal Production and Health Division organised an e-conference from 1 to 30 September 2010. This document presents the current status of animal nutrition practices and technologies being practiced in developing countries and an analysis of the reasons for their success or failure. It also contains a synthesis paper that summarises the major issues discussed by participants and presents conclusion drawn and lessons learnt for the future."--back cover.
=530  \\$aAlso freely available online.
=540  \\$aCurrent Copyright Fee: GBP25.00$c0$5Uk
=650  \0$aAnimal nutrition$zDeveloping countries$vCongresses.
=650  \0$aFeeds$zDeveloping countries$vCongresses.
=700  1\$aMakkar, Harinder P. S.
=710  2\$aFood and Agriculture Organization of the United Nations.
=830  \0$aFAO animal production and health proceedings ;$v11.
=852  41$aBritish Library$bDSC$j3865.593900
=856  41$uhttp://www.fao.org/docrep/014/i2270e/i2270e00.pdf$zConnect to online version
=985  \\$aCorrected by MS generated file for WR# 12.018
=ACF  \\$aPrevious Copyright Fee: GBP12.30$c0$e01-jan-2014$fGBP12.30$g0$hA$5Uk
=ACF  \\$aPrevious Copyright Fee: GBP15.00$c0$e01-jan-2017$fGBP15.00$g0$hA$5Uk
=ACF  \\$aPrevious Copyright Fee: GBP20.00$c0$e01-jan-2020$fGBP20.00$g0$hA$5Uk
=CAT  \\$a7233$b40$c20120216$lBLL01$h1522
=CAT  \\$aBLSS-CORR$b00$c20120724$lBLL01$h1802
=CAT  \\$aBATCH-CLA$b00$c20120928$lBLL01$h1840
=CAT  \\$aBATCH-CLA$b00$c20120930$lBLL01$h1052
=CAT  \\$aBATCH-CLA$b00$c20130508$lBLL01$h0741
=CAT  \\$aBATCH-CLA$c20131220$lBLL01$h2115
=CAT  \\$aIPL-CLA$c20140101$lBLL01$h0156
=CAT  \\$aBATCH-CLA$b00$c20161222$lBLL01$h1834
=CAT  \\$aBATCH-UPD$b00$c20161224$lBLL01$h1448
=CAT  \\$aBATCH-CLA$b00$c20161225$lBLL01$h0136
=CAT  \\$aIPL-CLA$c20161231$lBLL01$h0001
=CAT  \\$aBATCH-CLA$b00$c20171222$lBLL01$h2210
=CAT  \\$aIPL-CLA$c20171231$lBLL01$h1812
=CAT  \\$aBATCH-CLA$b00$c20191219$lBLL01$h1757
=CAT  \\$aIPL-CLA$c20191231$lBLL01$h2030
=CAT  \\$aR2001-1524$c20200127$lBLL01$h2055
=CAT  \\$aBATCH-CLA$b00$c20200128$lBLL01$h0451
=CAT  \\$aBATCH-CLA$b00$c20201204$lBLL01$h1608
=CAT  \\$aIPL-CLA$c20201231$lBLL01$h2331
=CAT  \\$aBATCH-CLA$b00$c20221221$lBLL01$h1924
=CAT  \\$aIPL-CLA$c20221231$lBLL01$h2312
=CFI  0\$aCurrent Copyright Fee: GBP25.00$c0$e01-jan-2023$fGBP25.00$g0$hA$5Uk
=CFI  2\$aPrevious Copyright Fee: GBP22.50$c0$e01-jan-2021$fGBP22.50$g0$hA$5Uk
=FIN  \\$aY$d20120216
=FMT  \\$a  BK
=LAS  \\$aIPL-CLA$b00$c20221231$lBLL01$h2312
=SID  \\$aZ39$bOCLC
=TCO  \\$aITA$bAIDRO / SIAE$c008

