=LDR  04592cam a22007817a 4500
=001  016032542
=003  Uk
=005  20221231231222.0
=008  110916s2011\\\\it\a\\\\\b\\\i000\0\eng\d
=020  \\$a9789251069103
=020  \\$a9251069107
=035  \\$a(OCoLC)753633822
=040  \\$aBTCTA$beng$cBTCTA$dTXA$dCOD$dAGL$dUk
=042  \\$aukblderived
=070  0\$aHD9410.6$b.U67 2011
=082  \\$a636$qUK-WkNB
=100  1\$aUpton, Martin.
=245  10$aGuidelines for the preparation of livestock sector reviews /$c[author, Martin Upton].
=260  \\$aRome :$bFood and Agriculture Organization of the United Nations,$c2011.
=300  \\$axi, 50 p. :$bill. ;$c25 cm.
=336  \\$atext$2rdacontent
=337  \\$aunmediated$2rdamedia
=338  \\$avolume$2rdacarrier
=490  1\$aFAO animal production and health guidelines,$x1810-0708 ;$v5
=504  \\$aIncludes bibliographical references.
=505  2\$aPurpose of livestock sector reviews -- Core content of the review -- Analysis of specific issues -- Data, information and analytical tools -- Annexes: Livestock unit coefficients that can be used for international comparisons; Development of feed balances for livestock; Determination of gross margins for crops, non-grazing livestock and grazing livestock; Productivity measurement.
=520  \\$a"The 'livestock revolution' has generated steadily increasing levels of livestock production, making this sub-sector one of the fastest-growing in agriculture. Furthermore evidence shows that livestock provide a vital contribution to livelihoods, income and nutrition of the rural poor. Yet expansion of the livestock sector is linked with challenging problems, such as the risks of infectious animal diseases especially those that may infect humans, and potential environmental impacts. Hence despite the important contributions of private sector producers, traders and distributors, there is a continuing need for public sector policies, institutions and controls. The preparation of a Livestock Sector Review is a valuable tool in the design of policies for animal production, health and disease control, marketing and trade . Based on experience of such studies, in many developing countries, these guidelines provide indications of tried and tested approaches, analytical tools, contents, and delivery methods for the presentation of livestock sector reviews."--back cover.
=530  \\$aAlso freely available online
=540  \\$aCurrent Copyright Fee: GBP25.00$c0$5Uk
=650  \0$aLivestock.
=650  \0$aAnimal industry$xGovernment policy.
=650  \0$aAgriculture and state.
=710  2\$aFood and Agriculture Organization of the United Nations.
=830  \0$aFAO animal production and health guidelines ;$v5.
=852  41$aBritish Library$bDSC$j3865.593500
=856  41$uhttp://www.fao.org/docrep/014/i2294e/i2294e00.pdf$zConnect to online version
=985  \\$aCorrected by MS generated file for WR# 12.018
=ACF  \\$aPrevious Copyright Fee: GBP12.30$c0$e01-jan-2014$fGBP12.30$g0$hA$5Uk
=ACF  \\$aPrevious Copyright Fee: GBP15.00$c0$e01-jan-2017$fGBP15.00$g0$hA$5Uk
=ACF  \\$aPrevious Copyright Fee: GBP20.00$c0$e01-jan-2020$fGBP20.00$g0$hA$5Uk
=CAT  \\$a7233$b40$c20120216$lBLL01$h1530
=CAT  \\$aBLSS-CORR$b00$c20120724$lBLL01$h1802
=CAT  \\$aBATCH-CLA$b00$c20120928$lBLL01$h1841
=CAT  \\$aBATCH-CLA$b00$c20120930$lBLL01$h1055
=CAT  \\$aBATCH-CLA$b00$c20130508$lBLL01$h0744
=CAT  \\$aBATCH-CLA$c20131220$lBLL01$h2115
=CAT  \\$aIPL-CLA$c20140101$lBLL01$h0156
=CAT  \\$aBATCH-CLA$b00$c20161222$lBLL01$h1834
=CAT  \\$aBATCH-UPD$b00$c20161224$lBLL01$h1448
=CAT  \\$aBATCH-CLA$b00$c20161225$lBLL01$h0137
=CAT  \\$aIPL-CLA$c20161231$lBLL01$h0001
=CAT  \\$aBATCH-CLA$b00$c20171222$lBLL01$h2210
=CAT  \\$aIPL-CLA$c20171231$lBLL01$h1812
=CAT  \\$aBATCH-CLA$b00$c20191219$lBLL01$h1757
=CAT  \\$aIPL-CLA$c20191231$lBLL01$h2030
=CAT  \\$aR2001-1524$c20200127$lBLL01$h2055
=CAT  \\$aBATCH-CLA$b00$c20200128$lBLL01$h0455
=CAT  \\$aBATCH-CLA$b00$c20201204$lBLL01$h1608
=CAT  \\$aIPL-CLA$c20201231$lBLL01$h2331
=CAT  \\$aBATCH-CLA$b00$c20221221$lBLL01$h1924
=CAT  \\$aIPL-CLA$c20221231$lBLL01$h2312
=CFI  0\$aCurrent Copyright Fee: GBP25.00$c0$e01-jan-2023$fGBP25.00$g0$hA$5Uk
=CFI  2\$aPrevious Copyright Fee: GBP22.50$c0$e01-jan-2021$fGBP22.50$g0$hA$5Uk
=FIN  \\$aY$d20120216
=FMT  \\$a  BK
=LAS  \\$aIPL-CLA$b00$c20221231$lBLL01$h2312
=SID  \\$aZ39$bOCLC
=TCO  \\$aITA$bAIDRO / SIAE$c008

