=LDR  02175 am a2200577 a 4500
=001  016036546
=003  Uk
=005  20121119093100.0
=008  120315s2011\\\\it\ab\\\\b\\\|0|1\0|eng\d
=010  \\$a  2012401032
=015  \\$aGBB2B6148$2bnb
=016  7\$a016036546$2Uk
=020  \\$a9789251070079 (pbk.)
=020  \\$a9251070075 (pbk.)
=035  \\$a(OCoLC)ocn773670573
=040  \\$aBTCTA$beng$cBTCTA$dVXG$dCUV$dAGL$dDLC$dUk
=041  1\$aeng$hpor
=042  \\$aukblsr
=043  \\$asa-----
=050  00$aQK98.4.A53$bF78 2010
=070  0\$aQK98.4.A53$bF78 2010
=082  04$a581.6309811$223
=130  0\$aFrutíferas e plantas úteis na vida amazônica.$lEnglish.
=245  10$aFruit trees and useful plants in Amazonian life /$ceditors Patricia Shanley ... [et al.] ; illustrators Silvia Cordeiro, Miguel Imbiriba.
=250  \\$aRev. and updated English ed.
=260  \\$aRome :$bFood and Agriculture Organization,$cc2011.
=300  \\$axxiv, 353 p. :$bill. (some col.), maps ;$c30 cm.
=336  \\$atext$2rdacontent
=337  \\$aunmediated$2rdamedia
=338  \\$avolume$2rdacarrier
=490  0\$aNon-wood forest products ;$v20
=500  \\$a"This edition is a revised and updated version of the original Portuguese edition"--P. [ii].
=504  \\$aIncludes bibliographical references and index.
=530  \\$aAlso issued online.
=650  \0$aPlants, Useful$zAmazon River Region.
=650  \0$aPlants, Edible$zAmazon River Region.
=650  \0$aRain forest plants$zAmazon River Region.
=650  \0$aBotany, Economic$zAmazon River Region.
=650  \0$aFruit$zAmazon River Region.
=700  1\$aShanley, Patricia,$d1955-
=710  2\$aFood and Agriculture Organization of the United Nations.
=852  41$aBritish Library$bHMNTS$jOPB.2012.x.413
=856  41$uhttp://www.fao.org/docrep/015/i2360e/i2360e00.htm$zPDF version
=CAT  \\$a10876$b40$c20120222$lBLL01$h1416
=CAT  \\$a10876$b40$c20120222$lBLL01$h1417
=CAT  \\$a5447$b40$c20121119$lBLL01$h0931
=CAT  \\$aWR16_021$c20160704$lBLL01$h1802
=FIN  \\$aY$d20121119
=FMT  \\$a  BK
=LAS  \\$aWR16_021$b00$c20160704$lBLL01$h1802
=SRC  \\$aBLL02

