=LDR  02640cam a22004337a 4500
=001  014463571
=003  Uk
=005  20071204155702.0
=008  051109s2007\\\\it\\\\\\\\\\\i000\0\eng\d
=020  \\$a9789251057537 (pbk.)
=020  \\$a9251057532 (pbk.)
=035  \\$a(OCoLC)179780484
=037  \\$aTC/M/A1179E/1/06.07/1250$bFAO
=040  \\$aMNU$cMNU$dBTCTA$dBAKER$dTJC$dAGL$dCOD$dUk
=070  0\$aHD1251$b.G66 2007
=245  00$aGood governance in land tenure and administration /$c[prepared by Richard Grover ... et al.].
=260  \\$aRome, Italy :$bFood and Agriculture Organization of the United Nations,$c2007.
=300  \\$a57 p. ;$c21 cm.
=336  \\$atext$2rdacontent
=337  \\$aunmediated$2rdamedia
=338  \\$avolume$2rdacarrier
=490  1\$aFAO land tenure studies,$x1020-3117 ;$v9
=505  2\$aIntroduction -- What is good governance in land tenure and administration? -- Consequences of weak governance in land tenure and administration -- Experiences from applying good governance principles to land administration -- Practical measures for improving governance in land tenure and administration -- Final comments.
=520  \\$aThis guide is written for people who work in land administration and all those with an interest in land, land tenure and their governance. Good governance can help achieve economic development and the reduction of poverty. Land issues cut across society, and a well-governed land administration system can strengthen local institutions, thereby contributing to broadly to governance. This guide explains what governance is, and what constitutes good governance in land tenure and administration. It examines the consequences of weak governance in these areas, and looks at how governance can be improved in land administration in general, as well as in some specific areas in which governance can be problematic.--Publisher's description.
=530  \\$aAvailable both in print and online.
=650  \0$aLand tenure$xGovernment policy.
=700  1\$aGrover, Richard,$d1950-
=710  2\$aFood and Agriculture Organization of the United Nations.
=830  \0$aFAO land tenure studies,$x1020-3117 ;$v9
=852  41$aBritish Library$bHMNTS$jYD.2007.a.9549
=856  11$uftp://ftp.fao.org/docrep/fao/010/a1179e/a1179e00.pdf$zClick here to view publication online.
=CAT  \\$a10926$b40$c20071204$lBLL01$h1557
=CAT  \\$aBATCH$b00$c20091217$lBLL01$h0513
=CAT  \\$aBATCH$b00$c20100103$lBLL01$h1305
=CAT  \\$aW2308-1659$c20230923$lBLL01$h1115
=FIN  \\$aY$d20071204
=FMT  \\$a  BK
=LAS  \\$aW2308-1659$b00$c20230923$lBLL01$h1115
=SID  \\$aZ39$bOCLC

