=LDR  03437cam a2200817 a 4500
=001  014541832
=003  Uk
=005  20221231221414.0
=008  080924s2007\\\\it\ab\\\\b\\\|0|0\0|eng\d
=010  \\$a  2008390116
=015  \\$aGBB164427$2bnb
=016  7\$a014541832$2Uk
=020  \\$a9789251059074 (pbk.)
=020  \\$a9251059071 (pbk.)
=035  \\$a(OCoLC)ocn212399982
=040  \\$aUk$beng$cUk
=042  \\$aukblsr
=050  00$aTC812$b.G37 2007
=082  00$a333.913$222
=100  1\$aGarces-Restrepo, Carlos.
=245  10$aIrrigation management transfer :$bworldwide efforts and results /$cby Carlos Garces-Restrepo, Douglas Vermillion and Giovanni Muñoz.
=260  \\$aRome :$bFAO,$c2007.
=300  \\$axi, 62 p. :$bill. (some col.), col. map ;$c30 cm. +$e1 CD-ROM.
=336  \\$atext$2rdacontent
=337  \\$aunmediated$2rdamedia
=338  \\$avolume$2rdacarrier
=490  1\$aFAO water reports,$x1020-1203 ;$v32
=500  \\$a"TC/M/A1520E/1/12.07/1600"--P. [4] of cover.
=504  \\$aIncludes bibliographical references.
=505  2\$aIntroduction -- Policy and legal framework for irrigation management transfer -- Implementing irrigation management transfer -- Results of irrigation management transfer -- Integrating lessons learned into future interventions.
=530  \\$aAlso issued online.
=540  \\$aCurrent Copyright Fee: GBP25.00$c0$5Uk
=650  \0$aIrrigation$xManagement.
=650  \0$aTechnology transfer.
=700  1\$aVermillion, Douglas L.
=700  1\$aMunoz, Giovanni.
=710  2\$aFood and Agriculture Organization of the United Nations.
=830  \0$aWater reports,$x1020-1203 ;$v32.
=852  41$aBritish Library$bDSC$j9273.379000$ino. 32
=852  41$aBritish Library$bHMNTS$jOPB.2011.x.31
=856  11$uftp://ftp.fao.org/docrep/fao/010/a1520e/a1520e00.pdf$zConnect to online resource
=ACF  \\$aPrevious Copyright Fee: GBP12.30$c0$e01-jan-2014$fGBP12.30$g0$hA$5Uk
=ACF  \\$aPrevious Copyright Fee: GBP15.00$c0$e01-jan-2017$fGBP15.00$g0$hA$5Uk
=ACF  \\$aPrevious Copyright Fee: GBP20.00$c0$e01-jan-2020$fGBP20.00$g0$hA$5Uk
=CAT  \\$a8299$b40$c20080311$lBLL01$h1104
=CAT  \\$a8299$b40$c20080311$lBLL01$h1105
=CAT  \\$a11070$b40$c20080317$lBLL01$h1343
=CAT  \\$a11070$b40$c20080317$lBLL01$h1344
=CAT  \\$aBATCH$b00$c20091217$lBLL01$h0520
=CAT  \\$aBATCH$b00$c20100103$lBLL01$h1312
=CAT  \\$a5447$b40$c20110531$lBLL01$h1207
=CAT  \\$aWR16_021$c20160618$lBLL01$h1835
=CAT  \\$aBATCH-CLA$b00$c20160619$lBLL01$h0144
=CAT  \\$aBATCH-CLA$b00$c20161222$lBLL01$h1822
=CAT  \\$aIPL-CLA$c20161230$lBLL01$h2302
=CAT  \\$aBATCH-CLA$b00$c20171222$lBLL01$h2149
=CAT  \\$aIPL-CLA$c20171231$lBLL01$h1732
=CAT  \\$aBATCH-CLA$b00$c20191219$lBLL01$h1746
=CAT  \\$aIPL-CLA$c20191231$lBLL01$h2003
=CAT  \\$aR2001-1524$c20200127$lBLL01$h2037
=CAT  \\$aBATCH-CLA$b00$c20200128$lBLL01$h0446
=CAT  \\$aBATCH-CLA$b00$c20201204$lBLL01$h1553
=CAT  \\$aIPL-CLA$c20201231$lBLL01$h2252
=CAT  \\$aBATCH-CLA$b00$c20221221$lBLL01$h1906
=CAT  \\$aIPL-CLA$c20221231$lBLL01$h2214
=CFI  0\$aCurrent Copyright Fee: GBP25.00$c0$e01-jan-2023$fGBP25.00$g0$hA$5Uk
=CFI  2\$aPrevious Copyright Fee: GBP22.50$c0$e01-jan-2021$fGBP22.50$g0$hA$5Uk
=FIN  \\$aY$d20080317
=FMT  \\$a  BK
=LAS  \\$aIPL-CLA$b00$c20221231$lBLL01$h2214
=SRC  \\$aBLL02

