=LDR  03676 am a22006251a 4500
=001  014837830
=003  Uk
=005  20100204163516.0
=008  090914s2006\\\\it\a\\\\\||||\000|0\eng|\
=015  \\$aGBB013407$2bnb
=016  7\$a014837830$2Uk
=020  \\$a9789251054826 (spiral) :$cNo price
=020  \\$a9251054827 (spiral) :$cNo price
=035  \\$a(OCoLC)70878453
=040  \\$aStDuBDS$beng$cStDuBDS
=042  \\$aukblsr
=043  \\$aa-cb---
=050  \4$aS494.5.C6$bI54 2006
=082  04$a658.45$222
=245  00$aInformation and communication for natural resource management in agriculture :$ba training sourcebook /$cprepared by the College of Development Communication, University of the Philippines Los Baños.
=260  \\$aRome :$bFood and Agriculture Organization of the United Nations,$c2006.
=300  \\$avii, 181 p. :$bill. ;$c25 cm.
=336  \\$atext$2rdacontent
=337  \\$aunmediated$2rdamedia
=338  \\$avolume$2rdacarrier
=500  \\$aPublished in collaboration with the Communication for Development Group Sustainable Development Department.
=504  \\$aIncludes bibliographical references.
=505  2\$aInformation and communication for NRM : an overview -- Participatory communication and learning for natural resource management in agriculture (NRMA) -- Participatory rural communication appraisal (PRCA) -- Planning strategic communication in NRMA -- Participatory message and materials development -- Management and implementation of communication programs in NRMA -- Monitoring and evaluation of communication -- Lessons in capacity building in ICNRMA in Cambodia/
=520  \\$aThis sourcebook is the result of a collective work jointly undertaken by the College of Development Communication of the University of Los Baños, the Philippines, and FAO Communication for Development Group, in their effort to support collaborative natural resources management in agriculture in Cambodia. This sourcebook is intended to be ready reference material for communication specialists and facilitators organizing training and capability building in communication for development as a strategic component of sustainable natural resource management and rural livelihood initiatives.--Publisher's description.
=530  \\$aAvailable both in print and online.
=650  \0$aCommunication in management$xStudy and teaching.
=650  \0$aNatural resources$zCambodia$xManagement.
=690  7\$aManagement and Business Studies$2blcoll
=710  2\$aFood and Agriculture Organization of the United Nations.
=710  2\$aFood and Agriculture Organization of the United Nations.$bSustainable Development Department.
=710  2\$aUniversity of the Philippines at Los Baños.$bInstitute of Development Communication.
=852  41$aBritish Library$bHMNTS$jYK.2009.a.30803
=852  41$aBritish Library$bDSC$jm08/.36611
=856  41$uhttp://www.fao.org/docrep/009/a0406e/a0406e00.htm#Contents$zClick here to select chapters to view online
=985  \\$aNETCAT record
=985  \\$aRecord amended for WR# 13/070
=CAT  \\$a11002$b40$c20081126$lBLL01$h0723
=CAT  \\$aBATCH-SURR$b00$c20100204$lBLL01$h1631
=CAT  \\$aBATCH$b00$c20100204$lBLL01$h1635
=CAT  \\$aBATCH690$c20100715$lBLL01$h2110
=CAT  \\$aBATCH-MBS$c20100716$lBLL01$h2053
=CAT  \\$aBATCH-UPD$b00$c20130318$lBLL01$h0719
=CAT  \\$aWR13_070$b00$c20130504$lBLL01$h0308
=CAT  \\$aWR13_070C$c20130611$lBLL01$h1855
=CAT  \\$aWR16_021$c20160623$lBLL01$h1806
=FIN  \\$aY$d20100204
=FMT  \\$a  BK
=LAS  \\$aWR16_021$b00$c20160623$lBLL01$h1806
=SID  \\$aZ39$bOCLC
=SRC  \\$aNETCAT$bnetcatprn.20100204

