=LDR  03876cam a22007451a 4500
=001  014898531
=003  Uk
=005  20221231222640.0
=008  091127s2008\\\\it\a\\\\\||||\000|0\eng|\
=015  \\$aGBB023523$2bnb
=016  7\$a014898531$2Uk
=020  \\$a9789251061442 (pbk.) :$cNo price
=020  \\$a9251061440 (pbk.) :$cNo price
=035  \\$a(OCoLC)298976419
=040  \\$aStDuBDS$beng$cStDuBDS
=042  \\$aukblsr
=050  14$aGB5008.B36$bB33 2008
=082  04$a338.16095492$222
=100  1\$aBaas, Stephan.
=245  10$aCommunity based adaptation in action :$ba case study from Bangladesh : project summary report (phase 1) : improved adaptive capacity to climate change for sustainable livelihoods in the agriculture sector /$cStephan Baas, Selvaraju Ramasamy.
=246  30$aImproved adaptive capacity to climate change for sustainable livelihoods in the agriculture sector
=260  \\$aRome :$bFood and Agriculture Organization of the United Nations/Dept. of Agricultural Extension,$c2008.
=300  \\$avii, 55 p. :$bill. (some col.) ;$c30 cm.
=336  \\$atext$2rdacontent
=337  \\$aunmediated$2rdamedia
=338  \\$avolume$2rdacarrier
=490  0\$aEnvironment and natural resources management series ;$v14
=504  \\$aIncludes bibliographical references.
=520  \\$aBangladesh, due to its geo-physical position and socio-economic context, is highly prone to regular natural hazards and the impacts of climate change. In 2005, the FAO initiated a project designed to improve the adaptive capacities of rural populations and their resilience to drought and other climate change impacts. This report provides a summary of the working approach developed and tested to promote community-based adaptation within agriculture. It presents lessons learned from the implementation process as well as the details of good practice options for drought risk management in the context of climate change.
=530  \\$aAvailable both in print and online.
=540  \\$aCurrent Copyright Fee: GBP25.00$c0$5Uk
=650  \0$aAgricultural development projects$zBangladesh.
=650  \0$aAgricultural innovations$zBangladesh.
=650  \0$aClimatic changes$xEnvironmental aspects$zBangladesh.
=690  7\$aManagement and Business Studies$2blcoll
=700  1\$aRamasamy, Selvaraju.
=710  2\$aFood and Agriculture Organization of the United Nations.
=710  1\$aBangladesh.$bKr̥shi Samprasāraṇa Adhidaptara.
=830  \0$aEnvironment and natural resources management series ;$vno. 14.
=852  41$aBritish Library$bDSC$j3791.104250$ino. 14
=852  41$aBritish Library$bHMNTS$jOPD.2009.x.100
=856  41$uhttp://www.fao.org/docrep/010/i0481e/i0481e00.htm$zConnect to online version
=985  \\$aNETCAT record
=ACF  \\$aPrevious Copyright Fee: GBP20.00$c0$e01-jan-2020$fGBP20.00$g0$hA$5Uk
=CAT  \\$a10775$b40$c20090209$lBLL01$h1054
=CAT  \\$aBATCH-SURR$b00$c20100211$lBLL01$h2134
=CAT  \\$aBATCH$b00$c20100211$lBLL01$h2136
=CAT  \\$aBATCH690$c20100715$lBLL01$h2111
=CAT  \\$aBATCH-MBS$c20100716$lBLL01$h2054
=CAT  \\$aBATCH-UPD$b00$c20130321$lBLL01$h0842
=CAT  \\$aWR16_021$c20160624$lBLL01$h1804
=CAT  \\$aBATCH-UPD$b00$c20160624$lBLL01$h1822
=CAT  \\$aBATCH-CLA$b00$c20200128$lBLL01$h0531
=CAT  \\$aBATCH-CLA$b00$c20201204$lBLL01$h1556
=CAT  \\$aIPL-CLA$c20201231$lBLL01$h2300
=CAT  \\$aBATCH-CLA$b00$c20221221$lBLL01$h1910
=CAT  \\$aIPL-CLA$c20221231$lBLL01$h2226
=CFI  0\$aCurrent Copyright Fee: GBP25.00$c0$e01-jan-2023$fGBP25.00$g0$hA$5Uk
=CFI  2\$aPrevious Copyright Fee: GBP22.50$c0$e01-jan-2021$fGBP22.50$g0$hA$5Uk
=FIN  \\$aY$d20100211
=FMT  \\$a  BK
=LAS  \\$aIPL-CLA$b00$c20221231$lBLL01$h2226
=SID  \\$aZ39$bOCLC
=SRC  \\$aNETCAT$bnetcatprn.20100211
=TCO  \\$aITA$bAIDRO / SIAE$c008

