=LDR  04168cam a22006737a 4500
=001  014898848
=003  Uk
=005  20230924061744.0
=008  090121s2008\\\\it\ab\\\\b\\\\000\0\eng\d
=020  \\$a9789251060537
=020  \\$a9251060533
=035  \\$a(OCoLC)298976193
=040  \\$aOSU$cOSU$dCOD$dUk
=042  \\$aukblderived
=100  10$aGillett, R.
=245  10$aGlobal study of shrimp fisheries /$cby R. Gillett.
=260  \\$aRome :$bFood and Agriculture Organization of the United Nations,$cc2008.
=300  \\$axxiii, 331 p. :$bill., maps ;$c30 cm.
=336  \\$atext$2rdacontent
=337  \\$aunmediated$2rdamedia
=338  \\$avolume$2rdacarrier
=490  1\$aFAO fisheries technical paper,$x0429-9345 ;$v475
=504  \\$aIncludes bibliographical references (p. 313-331).
=505  2\$aIntroduction -- Development of the study -- pt. 1. Major issues in shrimp fisheries. History and development of shrimp fishing -- Structure of shrimp fisheries -- Shrimp species, catches and fishing effort -- Economic contribution of shrimp fishing -- Trade aspects -- Bycatch issues -- Fuel use in shrimp fisheries -- Profitability of shrimp fishing and resource rent -- Biological aspects of shrimp -- Impacts of shrimp fishing on the bottom habitat -- Interactions between large- and small-scale fisheries -- Management of shrimp fisheries -- Enforcement -- Shrimp fishery research issues -- Data reporting -- Impacts of shrimp farming on shrimp fishing activities -- Conclusions -- pt. 2. Shrimp fisheries in selected countries -- Shrimp fishing in Australia -- Shrimp fishing in Cambodia -- Shrimp fishing in Indonesia -- Shrimp fishing in Kuwait -- Shrimp fishing in Madagascar -- Shrimp fishing in Mexico -- Shrimp fishing in Nigeria -- Shrimp fishing in Norway -- Shrimp fishing in Trinidad and Tobago -- Shrimp fishing in the United States of America.
=520  \\$aShrimp is now the most valuable internationally traded fishery commodities. This report summarizes the results of an FAO commissioned global study focusing on social, economic and environmental impacts, and also contains studies representative of various geographic regions and of a variety of important shrimp fishery conditions: Australia, Cambodia, Indonesia, Kuwait, Madagascar, Mexico, Nigeria, Norway, Trinidad and Tobago and the United States of America.--Publisher's description.
=530  \\$aAlso available online.
=540  \\$aCurrent Copyright Fee: GBP25.00$c0$5Uk
=650  \0$aShrimp fisheries.
=650  \0$aShellfish fisheries.
=710  2\$aFood and Agriculture Organization of the United Nations.
=830  \0$aFAO fisheries technical paper ;$vno. 475.
=852  41$aBritish Library$bDSC$j3865.641000$ino. 475
=856  11$uftp://ftp.fao.org/docrep/fao/011/i0300e/i0300e.pdf$zConnect to online resource
=ACF  \\$aPrevious Copyright Fee: GBP12.30$c0$e01-jan-2014$fGBP12.30$g0$hA$5Uk
=ACF  \\$aPrevious Copyright Fee: GBP15.00$c0$e01-jan-2017$fGBP15.00$g0$hA$5Uk
=ACF  \\$aPrevious Copyright Fee: GBP20.00$c0$e01-jan-2020$fGBP20.00$g0$hA$5Uk
=CAT  \\$a7233$b40$c20090209$lBLL01$h1543
=CAT  \\$aBATCH-CLA$b00$c20140102$lBLL01$h0321
=CAT  \\$aBATCH-UPD$b00$c20150805$lBLL01$h2107
=CAT  \\$aBATCH-CLA$b00$c20161222$lBLL01$h1825
=CAT  \\$aIPL-CLA$c20161230$lBLL01$h2317
=CAT  \\$aBATCH-CLA$b00$c20171222$lBLL01$h2153
=CAT  \\$aIPL-CLA$c20171231$lBLL01$h1740
=CAT  \\$aBATCH-CLA$b00$c20191219$lBLL01$h1748
=CAT  \\$aIPL-CLA$c20191231$lBLL01$h2009
=CAT  \\$aR2001-1524$c20200127$lBLL01$h2042
=CAT  \\$aBATCH-CLA$b00$c20200128$lBLL01$h0413
=CAT  \\$aBATCH-CLA$b00$c20201204$lBLL01$h1556
=CAT  \\$aIPL-CLA$c20201231$lBLL01$h2300
=CAT  \\$aBATCH-CLA$b00$c20221221$lBLL01$h1910
=CAT  \\$aIPL-CLA$c20221231$lBLL01$h2226
=CAT  \\$aW2308-1659$c20230923$lBLL01$h1135
=CAT  \\$aBATCH-CLA$b00$c20230924$lBLL01$h0617
=CFI  0\$aCurrent Copyright Fee: GBP25.00$c0$e01-jan-2023$fGBP25.00$g0$hA$5Uk
=FIN  \\$aY$d20090209
=FMT  \\$a  BK
=LAS  \\$aBATCH-CLA$b00$c20230924$lBLL01$h0617
=SID  \\$aZ39$bOCLC
=TCO  \\$aITA$bAIDRO / SIAE$c008

