=LDR  04086cam a22008291a 4500
=001  014902725
=003  Uk
=005  20221231222645.0
=008  091130s2008\\\\it\a\\\\\b\\\\000|0\eng|\
=015  \\$aGBB023525$2bnb
=016  7\$a014902725$2Uk
=020  \\$a9789251060285 (pbk.) :$cNo price
=020  \\$a9251060282 (pbk.) :$cNo price
=035  \\$a(OCoLC)276340993
=040  \\$aStDuBDS$beng$cStDuBDS
=042  \\$aukblsr
=082  04$a338.41096$222
=100  1\$aKoroma, Suffyan.
=245  00$aTowards an African common market for agricultural products /$cSuffyan Koroma ... [et al.].
=260  \\$aRome :$bFood and Agriculture Organization of the United Nations,$c2008.
=300  \\$axiii, 219 p. :$bcol. ill. ;$c30 cm.
=336  \\$atext$2rdacontent
=337  \\$aunmediated$2rdamedia
=338  \\$avolume$2rdacarrier
=490  0\$aFAO review of agricultural commodity policies ;$v2
=504  \\$aIncludes bibliographical references.
=505  2\$aIntroduction -- Overview of the current state of Africa's agricultural trade -- The African Union strategy for regional integration -- The WTO rules -- Addressing the challenges and constraints to intra-trade -- Towards a common market -- Conclusions and way forward.
=520  \\$aThis study examines the key legal and economic issues involved in establishing an African Union Common Market in Agricultural Products. In particular, it examines how national and regional policies and instruments can be used to foster trade in strategic products and recommends strategies as to how the goal of a continental common market might be attained. The analysis reveals that there exists a broad consensus that increased inter-regional trade liberalization will be beneficial to the continent.--Publisher's description.
=530  \\$aAlso available online.
=540  \\$aCurrent Copyright Fee: GBP25.00$c0$5Uk
=650  \0$aProduce trade$zAfrica.
=650  \0$aFree trade$zAfrica.
=651  \0$aAfrica$xEconomic integration.
=690  7\$aManagement and Business Studies$2blcoll
=700  1\$aKoroma, Suffyan.
=710  2\$aFood and Agriculture Organization of the United Nations.
=830  \0$aFAO review of agricultural commodity policies ;$v2.
=852  41$aBritish Library$bHMNTS$jOPD.2009.x.102
=852  41$aBritish Library$bDSC$j3865.737500$ino. 2
=856  11$uftp://ftp.fao.org/docrep/fao/011/i0247e/i0247e.pdf$zConnect to online resource
=985  \\$aNETCAT record
=ACF  \\$aPrevious Copyright Fee: GBP12.30$c0$e01-jan-2014$fGBP12.30$g0$hA$5Uk
=ACF  \\$aPrevious Copyright Fee: GBP15.00$c0$e01-jan-2017$fGBP15.00$g0$hA$5Uk
=ACF  \\$aPrevious Copyright Fee: GBP20.00$c0$e01-jan-2020$fGBP20.00$g0$hA$5Uk
=CAT  \\$a11168$b40$c20090211$lBLL01$h0926
=CAT  \\$a11168$b40$c20090211$lBLL01$h0927
=CAT  \\$a10775$b40$c20090216$lBLL01$h1156
=CAT  \\$aBATCH-SURR$b00$c20100211$lBLL01$h2134
=CAT  \\$aBATCH$b00$c20100211$lBLL01$h2136
=CAT  \\$aBATCH690$c20100715$lBLL01$h2111
=CAT  \\$aBATCH-MBS$c20100716$lBLL01$h2054
=CAT  \\$aWR16_021$c20160624$lBLL01$h1804
=CAT  \\$aBATCH-CLA$b00$c20160625$lBLL01$h0116
=CAT  \\$aBATCH-CLA$b00$c20161222$lBLL01$h1825
=CAT  \\$aIPL-CLA$c20161230$lBLL01$h2317
=CAT  \\$aBATCH-CLA$b00$c20171222$lBLL01$h2153
=CAT  \\$aIPL-CLA$c20171231$lBLL01$h1740
=CAT  \\$aBATCH-CLA$b00$c20191219$lBLL01$h1748
=CAT  \\$aIPL-CLA$c20191231$lBLL01$h2009
=CAT  \\$aR2001-1524$c20200127$lBLL01$h2042
=CAT  \\$aBATCH-CLA$b00$c20200128$lBLL01$h0453
=CAT  \\$aBATCH-CLA$b00$c20201204$lBLL01$h1556
=CAT  \\$aIPL-CLA$c20201231$lBLL01$h2300
=CAT  \\$aBATCH-CLA$b00$c20221221$lBLL01$h1910
=CAT  \\$aIPL-CLA$c20221231$lBLL01$h2226
=CFI  0\$aCurrent Copyright Fee: GBP25.00$c0$e01-jan-2023$fGBP25.00$g0$hA$5Uk
=CFI  2\$aPrevious Copyright Fee: GBP22.50$c0$e01-jan-2021$fGBP22.50$g0$hA$5Uk
=FIN  \\$aY$d20100211
=FMT  \\$a  BK
=LAS  \\$aIPL-CLA$b00$c20221231$lBLL01$h2226
=SID  \\$aZ39$bOCLC
=SRC  \\$aNETCAT$bnetcatprn.20100211

