=LDR  03787cam a22007817a 4500
=001  014934110
=003  Uk
=005  20230924065746.0
=008  090209s2008\\\\it\\\\\\\\\\\i100\0\eng\d
=020  \\$a9789251061244 (pbk.)
=020  \\$a9251061246 (pbk.)
=035  \\$a(OCoLC)303056304
=040  \\$aBTCTA$cBTCTA$dOSU$dCOD$dUk
=042  \\$aukblderived
=111  2\$aExpert Consultation on Best Practice Technical Guidelines for IPOA/NPOA-Seabirds$d(2008 :$cBergen, Norway)
=245  10$aReport of the Expert Consultation on Best Practice Technical Guidelines for IPOA/NPOA-Seabirds :$bBergen, Norway, 2-5 September 2008.
=246  1\$aInternational Plan of Action/National Plan of Action for Reducing Incidental Catch of Seabirds in Longline Fisheries
=260  \\$aRome :$bFood and Agriculture Organization of the United Nations,$cc2008.
=300  \\$avi, 37 p. ;$c30 cm.
=336  \\$atext$2rdacontent
=337  \\$aunmediated$2rdamedia
=338  \\$avolume$2rdacarrier
=490  1\$aFAO fisheries and aquaculture report,$x2070-6987 ;$v880
=520  \\$aIncidental mortality in commercial fisheries around the world is a threat to seabirds and is causing decline in many breeding populations. Guidelines were prepared during this expert consultation to assist countries in developing policies and plans of action for reducing incidental catch and mortality of seabirds in fisheries.--Publisher's description.
=530  \\$aAvailable both in print and online.
=540  \\$aCurrent Copyright Fee: GBP25.00$c0$5Uk
=591  \\$aReport.
=650  \0$aBycatches (Fisheries)$xGovernment policy$vCongresses.
=650  \0$aSea birds$xConservation$vCongresses.
=650  \0$aWater birds$xConservation$vCongresses.
=650  \0$aFishery law and legislation$vCongresses.
=653  1\$aSeabirds
=653  2\$aIPOA
=653  2\$aNPOA
=710  2\$aFood and Agriculture Organization of the United Nations.
=830  \0$aFAO fisheries and aquaculture report ;$vno. 880.
=852  41$aBritish Library$bDSC$j3865.629375$ino. 880
=856  11$uftp://ftp.fao.org/docrep/fao/011/i0459e/i0459e00.pdf$zConnect to online version
=945  \\$aFAO fisheries reports, ISSN 2070-6987 ; no 880 2008
=ACF  \\$aPrevious Copyright Fee: GBP12.30$c0$e01-jan-2014$fGBP12.30$g0$hA$5Uk
=ACF  \\$aPrevious Copyright Fee: GBP15.00$c0$e01-jan-2017$fGBP15.00$g0$hA$5Uk
=ACF  \\$aPrevious Copyright Fee: GBP20.00$c0$e01-jan-2020$fGBP20.00$g0$hA$5Uk
=CAT  \\$a7164$b40$c20090319$lBLL01$h1130
=CAT  \\$a7143$b40$c20090324$lBLL01$h1458
=CAT  \\$aBATCH-UPD$b40$c20110911$lBLL01$h2019
=CAT  \\$aBATCH-UPD$b40$c20120819$lBLL01$h0338
=CAT  \\$aBATCH-CLA$b00$c20140906$lBLL01$h0955
=CAT  \\$aBATCH-CLA$b00$c20161222$lBLL01$h1825
=CAT  \\$aIPL-CLA$c20161230$lBLL01$h2318
=CAT  \\$aBATCH-CLA$b00$c20171222$lBLL01$h2154
=CAT  \\$aIPL-CLA$c20171231$lBLL01$h1741
=CAT  \\$aBATCH-CLA$b00$c20191219$lBLL01$h1749
=CAT  \\$aIPL-CLA$c20191231$lBLL01$h2010
=CAT  \\$aR2001-1524$c20200127$lBLL01$h2043
=CAT  \\$aBATCH-CLA$b00$c20200128$lBLL01$h0455
=CAT  \\$aBATCH-CLA$b00$c20201204$lBLL01$h1557
=CAT  \\$aIPL-CLA$c20201231$lBLL01$h2301
=CAT  \\$aBATCH-CLA$b00$c20221221$lBLL01$h1910
=CAT  \\$aIPL-CLA$c20221231$lBLL01$h2227
=CAT  \\$aW2308-1659$c20230923$lBLL01$h1136
=CAT  \\$aBATCH-CLA$b00$c20230924$lBLL01$h0657
=CFI  0\$aCurrent Copyright Fee: GBP25.00$c0$e01-jan-2023$fGBP25.00$g0$hA$5Uk
=CNF  \\$aExpert consultation on best practice technical guidelines for IPOA/NPOA-Seabirds$d(2008 Sep :$cBergen, Norway)
=FIN  \\$aY$d20090324
=FMT  \\$a  BK
=LAS  \\$aBATCH-CLA$b00$c20230924$lBLL01$h0657
=SID  \\$aZ39$bOCLC
=TCO  \\$aITA$bAIDRO / SIAE$c008

