=LDR  05793 am a2200637 i 4500
=001  019310646
=003  Uk
=005  20210813211929.0
=008  180719s2018\\\\it\a\\\\\b\\\i000\0\eng\d
=015  \\$aGBC1A8129$2bnb
=016  7\$a019310646$2Uk
=020  \\$a9789251305133$q(paperback)
=024  8\$a40028749860
=035  \\$a(OCoLC)1044864633$z(OCoLC)1057781581$z(OCoLC)1103284325
=040  \\$aYDX$beng$cYDX$dORE$dOCLCF$dCOD$dYDXIT$dUIU$dIUL$dOCLCQ$dAU@$dUk$erda
=042  \\$aukblcatcopy
=050  \4$aHD1459$b.S567 2018
=082  04$a338.161$223
=100  1\$aSims, B. G.,$eauthor.
=245  10$aHire services as a business enterprise :$ba training manual for small-scale mechanization service providers /$cauthors Brian Sims, David Kahan, Joseph Mpagalile, Martin Hilmi, Santiago Santos Valle.
=264  \1$aRome :$bFood and Agriculture Organization of the United Nations :$bInternational Maize and Wheat Improvement Center,$c2018.
=264  \4$c©20108
=300  \\$ax, 127 pages :$billustrations (some color) ;$c30 cm
=336  \\$atext$btxt$2rdacontent
=336  \\$astill image$bsti$2rdacontent
=337  \\$aunmediated$bn$2rdamedia
=338  \\$avolume$bnc$2rdacarrier
=504  \\$aIncludes bibliographical references.
=505  0\$aMachine generated contents note: Module 1 Introduction To Hire Services As A Business Enterprise -- Session 1.1 Small-Farm Mechanization: An Introduction -- Session 1.1 Hire Services As A Business Enterprise -- Session 1.1 Sustainable Agricultural Mechanization For Sustainable Crop Production Intensification -- Module 2 Understanding The Local Area And Market -- Session 2.1 What Is A Local Area And Market Assessment? -- Session 2.1 How To Conduct An Assessment -- Module 3 Selecting Appropriate Machinery: Technical And Financial Aspects -- Session 3.1 Planning The Selection Of Power Sources And Implements -- Session 3.1 Technical And Financial Criteria For The Selection Of A Tractor -- Session 3.1 Technical And Financial Criteria For The Selection Of Draught Animals -- Session 3.1 Technical And Financial Criteria For The Selection Of Implements -- Session 3.1 Selection Criteria And How To Assess -- Session 3.1 Purchase Process --
=505  0\$aNote continued: Module 4 Operation And Maintenance Of Agricultural Equipment For Hire Service Businesses -- Session 4.1 Power Options For Agricultural Equipment -- Session 4.1.1 Four-Wheel Tractors -- Session 4.1.2 Two-Wheel Tractors -- Session 4.1.3 Draught Animal Power -- Session 4.1 Agricultural Equipment For A Hire Service Business -- Session 4.1 Maintenance And Safe Use Of Agricutural Equipment -- Session 4.3.1 Technical Maintenance Of Tractors -- Session 4.3.2 Safety In The Use Of Machinery And Equipment -- Session 4.1 Calibration Of Planters And Seeders -- Session 4.1 Calibration Of Sprayers -- Session 4.1 Technical Performance Of Equipment: Shellers And Threshers -- Session 4.1 Technical Performance Of Equipment: Pumps -- Module 5 Managing The Hire Service As A Business -- Session 5.1 Entrepreneurship And Management In The Hire Service Business -- Session 5.2 Hire Service Business Organization -- Session 5.3 Managing Operations Of The Hire Service Business.
=520  \\$a"This manual is specifically designed to help train actual and potential farm mechanization service providers, in order to increase access to sustainable farm power to raise the productivity of smallholder farmers. It focuses on two crucial aspects: the provision of farm mechanization services as a viable business opportunity for entrepreneurs, and the essential criteria of raising productivity in an environmentally sensitive and responsible way, i.e., that includes conservation agriculture. Practical guidance on the essential business development and management skills required to successfully run a mechanization service provision business are presented, with a focus on the equipment required to offer services compatible with conservation agriculture. The manual will be of particular interest to policymakers intent on achieving sustainable intensification in the agricultural sector. It is also a valuable resource for trainers charged with increasing the supply of well-trained and well-equipped entrepreneurial mechanization service providers through the implementation of training courses tailored to the specific course locations"--Foreword.
=530  \\$aAlso available in electronic format.
=650  \0$aFarm mechanization.
=650  \0$aFarm equipment.
=650  \7$aFarm equipment.$2fast$0(OCoLC)fst00921003
=650  \7$aFarm mechanization.$2fast$0(OCoLC)fst00921127
=690  7\$aManagement and Business Studies$2blcoll
=700  1\$aKahan, David,$d1951-$eauthor.
=700  1\$aMpagalile, Joseph,$eauthor.
=700  1\$aHilmi, Martin,$eauthor.
=700  1\$aValle, Santiago Santos,$eauthor.
=710  2\$aFood and Agriculture Organization of the United Nations,$eissuing body.
=710  2\$aInternational Maize and Wheat Improvement Center,$eissuing body.
=776  08$iElectronic version:$aSims, B.G.$tHire services by farmers for farmers.$w(OCoLC)1086306221$dRome : Rural Infrastructure and Agro-Industries Division, Food and Agriculture Organization of the United Nations, 2011, ©2012
=852  41$aBritish Library$bHMNTS$jOPB.2021.x.22
=856  41$uhttp://www.fao.org/documents/card/en/c/I9207EN
=856  41$uhttp://www.fao.org/3/i9207en/I9207EN.pdf$zPDF version
=CAT  \\$a11469$b40$c20190320$lBLL01$h1443
=CAT  \\$aBATCH-016$c20190320$lBLL01$h2148
=CAT  \\$a9657$b40$c20210708$lBLL01$h1543
=CAT  \\$a14633$b40$c20210729$lBLL01$h1353
=CAT  \\$aBATCH-MBS$c20210813$lBLL01$h2119
=FIN  \\$aY$d20210708
=FMT  \\$a  BK
=LAS  \\$aBATCH-MBS$b00$c20210813$lBLL01$h2119
=SID  \\$aZ39$bOCLC

