=LDR  03139 am a2200553 i 4500
=001  019033827
=003  Uk
=005  20191216133739.0
=008  171204t20172017it\ab\\\\b\\\i000\0\eng\d
=015  \\$aGBB9K0367$2bnb
=016  7\$a019033827$2Uk
=020  \\$a9789251099629$q(pbk)
=020  \\$a9251099626$q(pbk)
=035  \\$a(OCoLC)1013590908
=040  \\$aYDX$beng$cYDX$dTXA$dOCLCF$dIUL$dCOD$dORE$dMNU$dUk$erda
=042  \\$aukblcatcopy
=050  \4$aHD9000.5$b.J56 2017
=082  04$a338.191724$223
=100  1\$aJin, Sooyeon Laura,$eauthor.
=245  10$aSustainable woodfuel for food security :$ba smart choice: green, renewable and affordable /$cprepared by Sooyeon Laura Jin, Jolien Schure, Verina Ingram and Byoung Il Yoo ; with contributions from Dominique Reeb, Zuzhang Xia, Andrea Perlis, Mats Nordberg, Jeffrey Campbell and Eva Muller of FAO ; layout was carried out by Flora Dicarlo.
=264  \1$aRome :$bFood and Agriculture Organization of the United Nations,$c[2017]
=264  \4$c©2017
=300  \\$a34 pages :$bcolor illustrations, color maps ;$c30 cm
=336  \\$atext$btxt$2rdacontent
=337  \\$aunmediated$bn$2rdamedia
=338  \\$avolume$bnc$2rdacarrier
=500  \\$a"Working paper".
=500  \\$a"I7917EN/1/10.17"--Back cover.
=504  \\$aIncludes bibliographical references (pages 29-34).
=520  \\$a"With food insecurity, climate change and deforestation and forest degradation remaining key global issues, this paper highlights the role of sustainable woodfuel in improving food security. Food insecurity and a high dependence on woodfuel as a primary cooking fuel are characteristics common to vulnerable groups of people in developing regions of the world.With adequate policy and legal frameworks in place, woodfuel production and harvesting can be sustainable and a main source of green energy. Moreover, the widespread availability of woodfuel, and the enormous market for it, presents opportunities for employment and for sustainable value chains, providing further rationale for promoting this source of energy. This paper explains how sustainable woodfuel is closely linked to food security and provides insights in how the linkages could be strengthened at all stages of woodfuel production, trade and use."--Publisher's description.
=530  \\$aAlso available online.
=650  \0$aFood security.
=650  \0$aFuelwood.
=650  \7$aFood security.$2fast$0(OCoLC)fst01748879
=650  \7$aFuelwood.$2fast$0(OCoLC)fst00935897
=700  1\$aSchure, Jolien,$eauthor.
=700  1\$aIngram, Verina,$eauthor.
=700  1\$aYoo, Byoung Il,$eauthor.
=710  2\$aFood and Agriculture Organization of the United Nations,$eissuing body.
=852  41$aBritish Library$bHMNTS$jOPB.2019.x.906
=856  41$uhttp://edepot.wur.nl/425747
=856  41$uhttp://www.fao.org/3/a-i7917e.pdf$zConnect to PDF version
=CAT  \\$a8337$b40$c20180829$lBLL01$h1051
=CAT  \\$aBATCH-016$c20180829$lBLL01$h2152
=CAT  \\$a9657$b40$c20191216$lBLL01$h1337
=FIN  \\$aY$d20191216
=FMT  \\$a  BK
=LAS  \\$a9657$b40$c20191216$lBLL01$h1337
=SID  \\$aZ39$bOCLC

