=LDR  04507cam a2200793 a 4500
=001  015858759
=003  Uk
=005  20221231230723.0
=008  110309s2010\\\\it\a\\\\\b\\\i000\0\eng\d
=020  \\$a9789251067406 (pbk.)
=020  \\$a9251067406 (pbk.)
=035  \\$a(OCoLC)707234239$z(OCoLC)713265816
=040  \\$aBTCTA$beng$cBTCTA$dTXA$dCOD$dIUL$dCOD$dAU@$dAGL$dUk
=042  \\$aukblsr
=070  0\$aHD9502.5.B542$bB564 2010
=082  04$a333.9515$222
=245  00$aBioenergy and food security :$bthe BEFS analytical framework.
=260  \\$aRome :$bBioenergy and food security Project, Food and Agriculture Organization of the United Nations,$c2010.
=300  \\$ax, 91 p. :$bill. (some col.) ;$c30 cm.
=336  \\$atext$2rdacontent
=337  \\$aunmediated$2rdamedia
=338  \\$avolume$2rdacarrier
=490  1\$aEnvironment and natural resources management series,$x2071-0992 ;$vno. 16
=500  \\$aSeries statement corrected by pasted in corrigendum.
=504  \\$aIncludes bibliographical references.
=520  \\$a"A potent argument for bioenergy development lies in the ability of the sector to unlock agricultural potential by bringing in much needed investments to raise agricultural productivity to spur food security and poverty reduction. This document presents the BEFS Analytical Framework (AF) developed to test this argument. Agriculture lies at the heart of the BEFS AF and allows governments to consider viable pro-poor strategies for bioenergy development. The set of tools within the BEFS AF offers an integrated approach to decision-making that combines the technical viability with the country's prevailing social and economic development objectives. This document explains the rationale and structure of the BEFS AF, provides a general overview of the tools and their application, and illustrates how the analytical information generated assists policy makers in making informed decisions concerning the many varied consequences of bioenergy developments on food security, poverty reduction and agriculture development and economic growth."--Provided by publisher.
=530  \\$aAlso freely available online.
=540  \\$aCurrent Copyright Fee: GBP25.00$c0$5Uk
=610  20$aFood and Agriculture Organization of the United Nations.$bBioenergy and Food Security Project.
=650  \0$aBiomass energy.
=650  \0$aBiomass energy$xClimatic factors.
=650  \0$aFood security.
=710  2\$aFood and Agriculture Organization of the United Nations.$bBioenergy and Food Security Project.
=830  \0$aEnvironment and natural resources management series ;$vno. 16.
=852  41$aBritish Library$bDSC$j3791.104250
=856  40$uhttp://www.fao.org/docrep/013/i1968e/i1968e.pdf$zConnect to online version
=856  40$uhttp://www.fao.org/docrep/013/i1968e/i1968e00.htm
=ACF  \\$aPrevious Copyright Fee: GBP12.30$c0$e01-jan-2014$fGBP12.30$g0$hA$5Uk
=ACF  \\$aPrevious Copyright Fee: GBP15.00$c0$e01-jan-2017$fGBP15.00$g0$hA$5Uk
=ACF  \\$aPrevious Copyright Fee: GBP20.00$c0$e01-jan-2020$fGBP20.00$g0$hA$5Uk
=CAT  \\$a7233$b40$c20110801$lBLL01$h0924
=CAT  \\$a7233$b40$c20110801$lBLL01$h0925
=CAT  \\$a11250$b40$c20110802$lBLL01$h0911
=CAT  \\$aBATCH-CLA$b00$c20120928$lBLL01$h1841
=CAT  \\$aBATCH-CLA$b00$c20120930$lBLL01$h1054
=CAT  \\$aBATCH-CLA$b00$c20130508$lBLL01$h0744
=CAT  \\$aBATCH-CLA$c20131220$lBLL01$h2113
=CAT  \\$aIPL-CLA$c20140101$lBLL01$h0149
=CAT  \\$aBATCH-CLA$b00$c20161222$lBLL01$h1833
=CAT  \\$aBATCH-UPD$b00$c20161224$lBLL01$h1439
=CAT  \\$aBATCH-CLA$b00$c20161225$lBLL01$h0137
=CAT  \\$aIPL-CLA$c20161230$lBLL01$h2356
=CAT  \\$aBATCH-CLA$b00$c20171222$lBLL01$h2208
=CAT  \\$aIPL-CLA$c20171231$lBLL01$h1809
=CAT  \\$aBATCH-CLA$b00$c20191219$lBLL01$h1756
=CAT  \\$aIPL-CLA$c20191231$lBLL01$h2028
=CAT  \\$aR2001-1524$c20200127$lBLL01$h2054
=CAT  \\$aBATCH-CLA$b00$c20200128$lBLL01$h0454
=CAT  \\$aBATCH-CLA$b00$c20201204$lBLL01$h1607
=CAT  \\$aIPL-CLA$c20201231$lBLL01$h2329
=CAT  \\$aBATCH-CLA$b00$c20221221$lBLL01$h1923
=CAT  \\$aIPL-CLA$c20221231$lBLL01$h2307
=CFI  0\$aCurrent Copyright Fee: GBP25.00$c0$e01-jan-2023$fGBP25.00$g0$hA$5Uk
=CFI  2\$aPrevious Copyright Fee: GBP22.50$c0$e01-jan-2021$fGBP22.50$g0$hA$5Uk
=FIN  \\$aY$d20110802
=FMT  \\$a  BK
=LAS  \\$aIPL-CLA$b00$c20221231$lBLL01$h2307
=SID  \\$aZ39$bOCLC
=TCO  \\$aITA$bAIDRO / SIAE$c008

