=LDR  02736 am a2200553 a 4500
=001  012999455
=003  Uk
=005  20060117160845.0
=008  040917s2004\\\\it\ab\\\\b\\\i000\0\eng\d
=010  \\$a2004545041
=015  \\$aGBA614071$2bnb
=016  7\$a012999455$2Uk
=020  \\$a9251051003 (pbk.) :$cNo price
=040  \\$aFQG$cFQG$dAGL$dC3L$dDLC$dOCLCQ$dVPI$dOCL$dBAKER$dUk
=042  \\$aukblsr
=045  \\$ax4x-
=070  0\$aSH151$b.C368 2004
=082  04$a639.3$222
=245  00$aCapture-based aquaculture :$bthe fattening of eels, groupers, tunas and yellowtails /$cby Francesca Ottolenghi ... [et al.].
=260  \\$aRome ;$a[Great Britain] :$bFood and Agriculture Organization of the United Nations,$c2004.
=300  \\$axxiv, 308 p. :$bill. (chiefly in col.), col. maps ;$c30 cm.
=336  \\$atext$2rdacontent
=337  \\$aunmediated$2rdamedia
=338  \\$avolume$2rdacarrier
=500  \\$a"TC/D/Y5258E/1/7.04/300"--P. [4] of cover.
=504  \\$aIncludes bibliographical references.
=520  \\$aDefines and reviews certain practices that are shared between aquaculture and capture fisheries. Specifically considers the on-growing or fattening of four species groups - eels, groupers, tunas and yellowtails - which is based on the use of wild-caught "seed". Begins with an introduction on the overlap between aquaculture and fisheries and their global trends. Chapters on the four species groups follow and include information on species identification, fishery trends, the supply and transfer of "seed" for stocking purposes, aquaculture trends, culture systems, feeds and feeding regimes, fish health, harvesting and marketing. Further chapters examine the environmental and socio-economic impacts of capture-based aquaculture, together with the relevant fisheries and aquaculture management issues, and food safety issues.
=530  \\$aAlso available online via the Internet.
=650  \0$aFish culture.
=650  \0$aCage aquaculture.
=650  \0$aEels.
=650  \0$aGroupers.
=650  \0$aTuna.
=650  \0$aYellowtail.
=650  \0$aEels$xFeeding and feeds.
=650  \0$aGroupers$xFeeding and feeds.
=650  \0$aTuna$xFeeding and feeds.
=650  \0$aYellowtail$xFeeding and feeds.
=700  1\$aOttolenghi, Francesca.
=710  2\$aFood and Agriculture Organization of the United Nations.
=852  41$aBritish Library$bHMNTS$jYK.2006.b.744
=856  11$uftp://ftp.fao.org/docrep/fao/007/y5258e/y5258e00.pdf
=CAT  \\$a6923$b40$c20040924$lBLL01$h1036
=CAT  \\$a7143$b40$c20060117$lBLL01$h1608
=CAT  \\$aWR16_021$c20160610$lBLL01$h1956
=FIN  \\$aY$d20060117
=FMT  \\$a  BK
=LAS  \\$aWR16_021$b00$c20160610$lBLL01$h1956
=SID  \\$aZ39$bOCLC

