=LDR  01662cam a22004217a 4500
=001  013594866
=003  Uk
=005  20090220113334.0
=006  m\\\\|\\\d\|\\\\\\
=007  cr||||||||||||
=008  060725s2006\\\\it\ab\\\rb\\\o000\0\eng\d
=020  \\$a9251054215 (pbk.)
=040  \\$aIWA$beng$cIWA$dAGL$dUk
=245  00$aLivestock report 2006 /$c[prepared by the Animal Production and Health Division of FAO ; editor: Anni McLeod].
=260  \\$a[Rome] :$bFAO,$c2006.
=336  \\$atext$2rdacontent
=337  \\$acomputer$2rdamedia
=338  \\$aonline resource$2rdacarrier
=500  \\$aTitle from PDF title page (viewed on Feb. 20, 2009).
=504  \\$aIncludes bibliographical references.
=516  \\$aText (PDF).
=533  \\$aPrintout.$b[London :$cBritish Library,$d2009]$e83 p. : col. ill., col. maps ; 30 cm.$nPrinted from web site (Feb. 19, 2009).
=538  \\$aMode of access: World Wide Web.
=538  \\$aSystem requirements: Adobe Acrobat Reader.
=650  \0$aAnimal industry$zDeveloping countries.
=650  \0$aLivestock$xEconomic aspects$zDeveloping countries.
=700  1\$aMcLeod, Anni.
=710  2\$aFood and Agriculture Organization of the United Nations.$bAnimal Production and Health Division.
=852  41$aBritish Library$bHMNTS$jYD.2006.b.2135
=852  41$aBritish Library$bDSC$jm09/.15209
=856  41$uftp://ftp.fao.org/docrep/fao/009/a0255e/a0255e.pdf
=CAT  \\$a5703$b40$c20061107$lBLL01$h1025
=CAT  \\$a8141$b40$c20090220$lBLL01$h1133
=CAT  \\$aW2308-1659$c20230923$lBLL01$h0929
=FIN  \\$aY$d20090220
=FMT  \\$a  BK
=LAS  \\$aW2308-1659$b00$c20230923$lBLL01$h0929
=SID  \\$aZ39$bOCLC

