=LDR  04598cam a2200565 i 4500
=001  020131595
=003  Uk
=005  20230223172039.0
=008  200915s2020\\\\it\ab\\\\bs\\\000\0\eng\d
=015  \\$aGBC2D4106$2bnb
=016  7\$a020131595$2Uk
=020  \\$a9789251329740$qpaperback
=020  \\$a9251329745$q(pbk.)
=035  \\$a(OCoLC)1195470916
=040  \\$aYDX$beng$cYDX$dTXA$dOCLCO$dOCLCF$dYDX$dPAU$dOCLCQ$dOCLCO$dUk$erda
=042  \\$aukblcatcopy
=050  \4$aSD131$b.G56 2020
=082  04$a634.9$223
=245  00$aGlobal forest resources assessment, 2020 :$bmain report /$cedited by Alastair Sarre.
=264  \1$aRome :$bFood and Agriculture Organization of the United Nations,$c2020.
=300  \\$axv, 164 pages :$bcolor illustrations, color maps ;$c25 cm
=336  \\$atext$btxt$2rdacontent
=337  \\$aunmediated$bn$2rdamedia
=338  \\$avolume$bnc$2rdacarrier
=504  \\$aIncludes bibliographical references (pages 163-164).
=505  00$gMachine generated contents note:$g1.$tIntroduction --$tProcess --$tScope --$tData analysis --$tOutputs --$g2.$tForest extent and changes --$tForest area --$tOther land with tree cover --$tOther wooded land --$g3.$tForest characteristics --$tNaturally regenerating forest --$tPlanted forest --$tPlantation forest and other planted forest --$tPlantations of introduced species --$tPrimary forest --$tMangroves --$tBamboo --$tRubber plantations --$g4.$tGrowing stock biomass and carbon --$tGrowing stock --$tGrowing-stock composition --$tBiomass stock --$tCarbon stock --$g5.$tDesignation and management --$tGlobal overview --$tAnalysis by designation category --$g6.$tOwnership and management rights --$tForest ownership --$tPrivate ownership, by type of owner --$tHolders of management rights in publicly owned forests --$g7.$tDisturbances --$tInsects --$tDiseases --$tSevere weather events --$g8.$tPolicies and legislation --$tFindings --$g9.$tEmployment and education --$tEmployment --$tEducation --$g10.$tNon-wood forest products removals and value --$g11.$tDiscussion --$tEnhanced country participation --$tReduced reporting burden --$tStronger capacity development --$tImproved data availability and quality --$g12.$tConclusion --$tTake-home messages --$tNext steps --$tAnnexes --$gAnnex 1$tStatistical factsheets --$gAnnex 2$tGlobal tables.
=520  \\$aFAO completed its first assessment of the world's forest resources in 1948. At that time, its major objective was to collect information on available timber supply to satisfy post-war reconstruction demand. Since then, the Global Forest Resources Assessment (FRA) has evolved into a comprehensive evaluation of forest resources and their condition, management and uses, covering all the thematic elements of sustainable forest management. This, the latest of these assessments, examines the status of, and trends in, forest resources over the period 1990-2020, drawing on the efforts of hundreds of experts worldwide. The production of FRA 2020 also involved collaboration among many partner organizations, thereby reducing the reporting burden on countries, increasing synergies among reporting processes, and improving data consistency. The results of FRA 2020 are available in several formats, including this report and an online database containing the original inputs of countries and territories as well as desk studies and regional and global analyses prepared by FAO. I invite you to use these materials to support our common journey towards a more sustainable future with forests.
=530  \\$aAlso available online.
=650  \0$aForests and forestry$vStatistics.
=650  \0$aForest surveys.
=650  \0$aForest management.
=650  \6$aInventaires forestiers.
=650  \6$aForêts$xGestion.
=650  \7$aForest management.$2fast$0(OCoLC)fst00932231
=650  \7$aForest surveys.$2fast$0(OCoLC)fst00932540
=650  \7$aForests and forestry.$2fast$0(OCoLC)fst00932632
=655  \7$aStatistics.$2fast$0(OCoLC)fst01423727
=700  1\$aSarre, Alastair,$eeditor.
=710  2\$aFood and Agriculture Organization of the United Nations,$eissuing body.
=852  41$aBritish Library$bHMNTS$jOPB.2022.x.288
=856  41$uhttp://www.fao.org/3/ca9825en/ca9825en.pdf
=985  \\$aUpdated by MS generated file for WR2302-017
=CAT  \\$a8337$b40$c20210311$lBLL01$h0909
=CAT  \\$aBATCH-016$c20210317$lBLL01$h2202
=CAT  \\$a9657$b40$c20220802$lBLL01$h0925
=CAT  \\$aW2302-0174$c20230223$lBLL01$h2051
=FIN  \\$aY$d20220802
=FMT  \\$a  BK
=LAS  \\$aW2302-0174$b00$c20230223$lBLL01$h2051
=SID  \\$aZ39$bOCLC

