=LDR  04356aam a2200673 i 4500
=001  018464019
=003  Uk
=005  20190801084423.0
=008  171004s2017\\\\it\a\\\\\b\\\i000\0\eng\\
=010  \\$a  2017446684
=015  \\$aGBB9D2072$2bnb
=016  7\$a018464019$2Uk
=020  \\$a9789251097939$qFAO$qpaperback
=020  \\$a9251097933$qFAO$qpaperback
=020  \\$a9789287045010$qWTO$qpaperback
=020  \\$a9287045011$zWTO$qpaperback
=020  \\$z9789287045027$qWTO$qPDF
=035  \\$a(OCoLC)1005217867$z(OCoLC)981965731$z(OCoLC)982088976$z(OCoLC)982109768$z(OCoLC)982161008$z(OCoLC)982231458$z(OCoLC)982356303$z(OCoLC)982391253$z(OCoLC)994564804$z(OCoLC)1013820200
=040  \\$aNX@$beng$cNX@$dNX@$dYDX$dTXA$dAGL$dBTCTA$dBDX$dIUL$dUIU$dOCLCF$dCOD$dDLC$dORE$dI8M$dOCLCQ$dCLU$dUk$erda
=042  \\$aukblsr
=050  \4$aTX537$b.T73 2017
=070  0\$aTX537$b.T733 2017
=082  04$a363.192$223
=245  00$aTrade and food standards.
=264  \1$a[Rome, Italy] :$bFood and Agriculture Organization of the United Nations,$c2017.
=300  \\$aix, 58 pages :$billustrations (colour) ;$c30 cm
=336  \\$atext$2rdacontent
=337  \\$aunmediated$2rdamedia
=338  \\$avolume$2rdacarrier
=504  \\$aIncludes bibliographical references.
=520  \\$a"This publication explains how international food safety standards are set through the Joint Food and Agriculture Organization of the United Nations and World Health Organization (FAO/WHO) Food Standards Programme - the Codex Alimentarius Commission - and how these standards are applied in the context of the World Trade Organization (WTO) Agreements on the Application of Sanitary and Phytosanitary Measures (SPS Agreement) and on Technical Barriers to Trade (TBT Agreement). Through the FAO/WHO Codex Alimentarius, members establish science-based, internationally agreed food standards. The publication describes the two organizations, how they operate together, and how countries can and should engage to keep international food standards up to date and relevant, and to resolve trade issues. The publication also highlights the need to invest in domestic capacities to be prepared now and in the future to keep food safe and to ensure that trade flows smoothly. The publication also illustrates some of the drivers of change in the area of food regulation, underlining the need for governments to be constantly attentive and ready to pick up on challenges and new opportunities, be they related to human health, consumer preferences or evolutions in technology. Members will need strong institutions and national capacity to respond to these challenges, both domestically and in the dynamic international system of food standards and trade rules that they have created. They will need to be flexible and forward looking, to enjoy the benefits and manage the risks the future holds, mindful that food is a commodity like no other."--Publisher's description.
=530  \\$aAlso issued online.
=650  \0$aFood$xStandards.
=650  \0$aFood law and legislation.
=650  \0$aFood$xQuality.
=650  \0$aFood security.
=650  \0$aFood supply.
=650  \7$aFood law and legislation.$2fast$0(OCoLC)fst00930954
=650  \7$aFood$xQuality.$2fast$0(OCoLC)fst00930583
=650  \7$aFood security.$2fast$0(OCoLC)fst01748879
=650  \7$aFood$xStandards.$2fast$0(OCoLC)fst00930620
=650  \7$aFood supply.$2fast$0(OCoLC)fst00931196
=710  2\$aFood and Agriculture Organization of the United Nations,$eissuing body.
=710  2\$aWorld Trade Organization,$eissuing body.
=776  08$iOnline version:$tTrade and food standards.$w(OCoLC)1000256482$dRome Food and Agriculture Organization of the United Nations 2017$z9789251097939
=852  41$aBritish Library$bHMNTS$jOPB.2019.x.580
=852  41$aBritish Library$bHMNTS$jOPB.2019.x.231
=856  41$uhttp://www.fao.org/3/a-i7407e.pdf
=CAT  \\$a10904$b40$c20170809$lBLL01$h0731
=CAT  \\$aBATCH-ROF$b00$c20170812$lBLL01$h1747
=CAT  \\$a8964$b40$c20171103$lBLL01$h1113
=CAT  \\$a6923$b40$c20180316$lBLL01$h1324
=CAT  \\$aBATCH-016$c20180321$lBLL01$h2157
=CAT  \\$a7183$b40$c20190416$lBLL01$h0844
=CAT  \\$a5883$b40$c20190801$lBLL01$h0844
=FIN  \\$aY$d20190416
=FMT  \\$a  BK
=LAS  \\$a5883$b40$c20190801$lBLL01$h0844
=SID  \\$aZ39$bOCLC

