=LDR  01941 am a2200493 i 4500
=001  019310670
=003  Uk
=005  20210709085252.0
=008  180827t20182018it\a\\\\\\\\\\000\0\eng\d
=015  \\$aGBC1A8482$2bnb
=016  7\$a019310670$2Uk
=020  \\$a9789251307984$qpaperback
=020  \\$a9251307989$qpaperback
=035  \\$a(OCoLC)1049819123
=040  \\$aYDX$beng$cYDX$dTXA$dOCLCF$dYDXIT$dOCL$dUk$erda
=042  \\$aukblcatcopy
=043  \\$afe-----
=050  \4$aQC929.28.A354$bH67 2018
=082  04$a363.349290963$223
=245  00$aHorn of Africa -- impact of early warning early action :$bprotecting pastoralist livelihoods ahead of drought.
=264  \1$aRome :$bFood and Agriculture Organization of the United Nations,$c[2018]
=264  \4$c©2018
=300  \\$aiii, 23 pages :$bcolor illustrations ;$c30 cm
=336  \\$atext$btxt$2rdacontent
=337  \\$aunmediated$bn$2rdamedia
=338  \\$avolume$bnc$2rdacarrier
=500  \\$a"CA0227EN/1/07.18"--Back cover.
=520  \\$aFAO's Early Warning Early Action uses risk analysis and forecasts to trigger interventions before a crisis escalates into a humanitarian emergency.
=530  \\$aAlso available online.
=650  \0$aDrought forecasting$zAfrica, Eastern.
=650  \0$aEmergency management$zAfrica, Eastern.
=650  \7$aDrought forecasting.$2fast$0(OCoLC)fst00898438
=650  \7$aEmergency management.$2fast$0(OCoLC)fst00908500
=651  \7$aEastern Africa.$2fast$0(OCoLC)fst01696894
=710  2\$aFood and Agriculture Organization of the United Nations,$eissuing body.
=852  41$aBritish Library$bHMNTS$jOPB.2021.x.19
=856  41$uhttp://www.fao.org/3/ca0227en/CA0227EN.pdf
=CAT  \\$a11469$b40$c20190320$lBLL01$h1524
=CAT  \\$aBATCH-016$c20190320$lBLL01$h2148
=CAT  \\$a9657$b40$c20210709$lBLL01$h0852
=FIN  \\$aY$d20210709
=FMT  \\$a  BK
=LAS  \\$a9657$b40$c20210709$lBLL01$h0852
=SID  \\$aZ39$bOCLC

