=LDR  03131cam a2200553 i 4500
=001  019436865
=003  Uk
=005  20211203212937.0
=008  181018t20172017th\a\\\\\b\\\\000\0\eng\d
=015  \\$aGBC1J1243$2bnb
=016  7\$a019436865$2Uk
=020  \\$a9789251096956$qpaperback
=020  \\$a9251096953$qpaperback
=035  \\$a(OCoLC)1057306204
=040  \\$aYDX$beng$cYDX$dTXA$dOCLCF$dYDXIT$dMNW$dUk$erda
=042  \\$aukblcatcopy
=043  \\$ad------
=050  \4$aS494.5.I5$bE24 2017
=082  04$a338.16$223
=245  00$aE-agriculture in action.
=264  \1$aBangkok :$bFood and Agriculture Organization of the United Nations and International Telecommunication Union,$c2017.
=264  \4$c©2017
=300  \\$avii, 106 pages :$bcolor illustrations ;$c26 cm
=336  \\$atext$btxt$2rdacontent
=337  \\$aunmediated$bn$2rdamedia
=338  \\$avolume$bnc$2rdacarrier
=500  \\$a"First published in (2015), "Success Stories on Information and Communication Technologies for Agriculture and Rural Development," has received wide acclaim, and has warranted this updated publication in order to further document case studies where innovative use of ICTs have helped people involved in agriculture and allied fields to become more effective and in many cases increase their productivity and income. The case study solutions covered in this compilation range from food production, supply chain management, advisory services, smart water management, and traceability to deployment of loTs for sensing and analytics."--from page v.
=504  \\$aIncludes bibliographical references.
=505  0\$aCase study. A. 'Foodini'-3D food printing -- B. GoviMithuru -- C. Electronic solutions against Agricultural Pests (ESAAP) -- D. OpsSmart® Traceability Solutions -- E. TraceVerified -- F. Food health and safety information traceability system in China -- G. IRRI Rice Knowledge Bank -- H. Smart water management in Bangladesh -- I. Application of the internet of things in agriculture -- J. ICT application for rural groundwater management in China.
=530  \\$aAlso available online.
=650  \0$aAgricultural innovations$zDeveloping countries.
=650  \0$aInternet in agriculture$zDeveloping countries.
=650  \0$aCommunication in agriculture$zDeveloping countries.
=650  \7$aAgricultural innovations.$2fast$0(OCoLC)fst00800915
=650  \7$aCommunication in agriculture.$2fast$0(OCoLC)fst00870091
=650  \7$aInternet in agriculture.$2fast$0(OCoLC)fst01736244
=651  \7$aDeveloping countries.$2fast$0(OCoLC)fst01242969
=690  7\$aManagement and Business Studies$2blcoll
=710  2\$aFood and Agriculture Organization of the United Nations,$eissuing body.
=852  41$aBritish Library$bHMNTS$jOPB.2021.x.391
=856  41$uhttp://www.fao.org/3/a-i6972e.pdf
=CAT  \\$a8337$b40$c20190613$lBLL01$h1130
=CAT  \\$aBATCH-016$c20190619$lBLL01$h2148
=CAT  \\$a9657$b40$c20211117$lBLL01$h1347
=CAT  \\$aBATCH-MBS$c20211203$lBLL01$h2129
=FIN  \\$aY$d20211117
=FMT  \\$a  BK
=LAS  \\$aBATCH-MBS$b00$c20211203$lBLL01$h2129
=SID  \\$aZ39$bOCLC

