=LDR  03983cam a2200613 i 4500
=001  019436882
=003  Uk
=005  20211126221927.0
=008  180619t20182018th\ab\\\\b\\\\000\0\eng\d
=015  \\$aGBC1I7483$2bnb
=016  7\$a019436882$2Uk
=020  \\$a9789251304952$qpaperback
=020  \\$a9251304955$qpaperback
=035  \\$a(OCoLC)1044784571$z(OCoLC)1057306624
=040  \\$aCOO$beng$cCOO$dOCLCO$dYDX$dTXA$dCOD$dTXA$dIUL$dYDXIT$dPUL$dIUL$dOCLCA$dUk$erda
=042  \\$aukblcatcopy
=043  \\$aa------
=050  \4$aTX360.A74$bF88 2018
=082  04$a363.8095$223
=245  00$aFuture smart food :$brediscovering hidden treasures of neglected and underutilized species for zero hunger in Asia /$ceditors Xuan Li and Kadambot H. M. Siddique.
=264  \1$aBangkok :$bFood and Agriculture Organization of the United Nations,$c2018.
=264  \4$c©2018
=300  \\$axxi, 215 pages :$bcolor illustrations, maps ;$c30 cm
=336  \\$atext$btxt$2rdacontent
=337  \\$aunmediated$bn$2rdamedia
=338  \\$avolume$bnc$2rdacarrier
=500  \\$a"Sustainable development goals : working for zero hunger"--Cover.
=504  \\$aIncludes bibliographical references.
=504  \\$aIncludes bibliographical references.
=520  \\$a"For centuries people in Asia and the Pacific region have grown and consumed a wide variety of nutritious foods. Unfortunately, more recent generations have slowly but surely changed their diets and have moved away from many of these traditional foods. The Food and Agriculture Organization of the United Nations (FAO) is working with our Member Countries to reinvigorate both production and consumption of these crops - often referred to as neglected and underutilized species (NUS). This work is consistent with FAO's role in providing support to countries to meet the targets of the Sustainable Development Goals (SDGs), primarily, but not limited to, SDG2 which aims to achieve Zero Hunger, specifically to "end hunger, achieve food security and improved nutrition, and promote sustainable agriculture" by 2030. The Zero Hunger goal implies that no one should be left behind. The Asia-Pacific region is home to most of the world's undernourished people (490 million). Other forms of malnutrition remain challenging, including stunting and micronutrient deficiencies. While in some countries there are rising rates of overweight and obesity. The issues are manifest in both the demand side and supply side. On the demand side, there is population growth, urbanization, migration, and the changing consumption associated with rising incomes. On the supply side, the combined effects of climate change, declining agricultural biodiversity, water scarcity, land scarcity, and degradation of natural resources are threatening world food security."--Publisher's description.
=530  \\$aAlso available in electronic format.
=650  \0$aFood supply$zAsia.
=650  \0$aNutrition$zAsia.
=650  \0$aFood$zAsia.
=650  \7$aFood.$2fast$0(OCoLC)fst00930458
=650  \7$aNutrition.$2fast$0(OCoLC)fst01042187
=650  \7$aFood supply.$2fast$0(OCoLC)fst00931196
=651  \0$aAsia.
=651  \7$aAsia.$2fast$0(OCoLC)fst01240495
=690  7\$aSocial Welfare$2blcoll
=700  1\$aLi, Xuan$c(Economist),$eeditor.
=700  1\$aSiddique, K. H. M.,$eeditor.
=710  2\$aFood and Agriculture Organization of the United Nations,$eissuing body.
=776  08$iElectronic version:$tFuture smart food.$w(OCoLC)1066239468$dBangkok : Food and Agriculture Organization of the United Nations, 2018
=852  41$aBritish Library$bHMNTS$jOPB.2021.x.389
=856  41$uhttp://www.fao.org/3/I8907EN/i8907en.pdf
=CAT  \\$a8337$b40$c20190613$lBLL01$h1145
=CAT  \\$aBATCH-016$c20190619$lBLL01$h2148
=CAT  \\$a9657$b40$c20211112$lBLL01$h1048
=CAT  \\$aBATCH-SWP$c20211126$lBLL01$h2219
=FIN  \\$aY$d20211112
=FMT  \\$a  BK
=LAS  \\$aBATCH-SWP$b00$c20211126$lBLL01$h2219
=SID  \\$aZ39$bOCLC

