=LDR  02314cam a2200565 i 4500
=001  019437373
=003  Uk
=005  20230322214838.0
=008  190304s2019\\\\it\ab\\\\b\\\i000\0\eng\d
=015  \\$aGBC357417$2bnb
=016  7\$a019437373$2Uk
=020  \\$a9789251312261$q(paperback)
=020  \\$a9251312265$q(paperback)
=035  \\$a(OCoLC)1089014002
=040  \\$aYDX$beng$cYDX$dTXA$dUIU$dOCLCF$dYDXIT$dIUL$dOCLCO$dOCLCQ$dOCLCO$dUk$erda
=042  \\$aukblcatcopy
=050  \4$aSH327.6$b.P47 2019
=082  04$a333.956$223
=100  1\$aPérez Roda, Maria Amparo,$eauthor.
=245  12$aA third assessment of global marine fisheries discards /$cby Maria Amparo Pérez Roda, Eric Gilman, Tim Huntington, Steven J. Kennelly, Petri Suuronen, Milani Chaloupka, and Paul A.H. Medley.
=264  \1$aRome :$bFood and Agriculture Organization of the United Nations,$c2019.
=300  \\$axvi, 58 pages :$bcolour illustrations, colour maps ;$c30 cm.
=336  \\$atext$btxt$2rdacontent
=336  \\$astill image$bsti$2rdacontent
=336  \\$acartographic image$bcri$2rdacontent
=337  \\$aunmediated$bn$2rdamedia
=338  \\$avolume$bnc$2rdacarrier
=490  1\$aFAO fisheries and aquaculture technical paper,$x2070-7010 ;$v633
=504  \\$aIncludes bibliographical references (pages 49-58).
=530  \\$aAlso available online.
=650  \0$aBycatches (Fisheries)
=650  \0$aFishery discards.
=650  \7$aBycatches (Fisheries)$2fast$0(OCoLC)fst00843205
=650  \7$aFishery discards.$2fast$0(OCoLC)fst00926212
=700  1\$aGilman, Eric,$eauthor.
=700  1\$aHuntington, Tim,$d1962-$eauthor.
=700  1\$aKennelly, Steven J.$q(Steven James),$eauthor.
=700  1\$aSuuronen, Petri,$eauthor.
=710  2\$aFood and Agriculture Organization of the United Nations,$eissuing body.
=830  \0$aFAO fisheries and aquaculture technical paper ;$v633.
=852  41$aBritish Library$bHMNTS$jOPB.2023.x.85
=856  41$uhttp://www.fao.org/3/CA2905EN/ca2905en.pdf
=CAT  \\$a11237$b40$c20190614$lBLL01$h1326
=CAT  \\$aBATCH-016$c20190619$lBLL01$h2148
=CAT  \\$a10883$b40$c20230320$lBLL01$h1156
=CAT  \\$aBATCH-016$c20230322$lBLL01$h2148
=FIN  \\$aY$d20230320
=FMT  \\$a  BK
=LAS  \\$aBATCH-016$b00$c20230322$lBLL01$h2148
=SID  \\$aZ39$bOCLC

