=LDR  03311cam a2200649 i 4500
=001  019506626
=003  Uk
=005  20220204223243.0
=008  190401s2018\\\\it\ab\\\\b\\\\000\0\eng\d
=015  \\$aGBC200051$2bnb
=016  7\$a019506626$2Uk
=020  \\$a9789251304266$qpaperback
=020  \\$a9251304262$qpaperback
=035  \\$a(OCoLC)1090983140
=040  \\$aYDX$beng$cYDX$dTXA$dORE$dOCLCF$dYDXIT$dOCL$dUk$erda
=042  \\$aukblcatcopy
=050  \4$aJV6225$b.W73 2018
=050  \4$aHD1691$b.W72 2018
=082  04$a304.81$223
=100  1\$aWrathall, David J.,$eauthor.
=245  10$aWater stress and human migration :$ba global, georeferenced review of empirical research /$cby David J. Wrathall, Jamon Van Den Hoek, Alex Walters and Alan Devenish.
=264  \1$aRome :$bFood and Agriculture Organization of the United Nations,$c2018.
=300  \\$aix, 26 pages :$bcolor illustrations, color maps ;$c30 cm.
=336  \\$atext$btxt$2rdacontent
=337  \\$aunmediated$bn$2rdamedia
=338  \\$avolume$bnc$2rdacarrier
=490  1\$aLand and water discussion paper,$x1729-0554 ;$v11
=504  \\$aIncludes bibliographical references (pages 25-26).
=520  \\$a"This report assesses and maps 184 peer-reviewed, empirical research articles selected for their focus on linkages between water stress and human migration. First and most importantly, this literature asserts that migration is an extremely common social process and is normal in almost every society on earth. Moreover, environment- influenced migration is rarely (if ever) a resource threat to the regions to which people move. The literature does, however, observe that negative social outcomes can result from narratives that stigmatize migrants and/or cast migrants as a security threat - especially when these narratives are used to justify increased surveillance and monitoring of these people."
=530  \\$aAlso available online.
=650  \0$aEmigration and immigration$xEnvironmental aspects.
=650  \0$aWater security.
=650  \0$aEnvironmental refugees.
=650  \0$aWater-supply$xEconomic aspects.
=650  \7$aWater security.$2fast$0(OCoLC)fst01795729
=650  \7$aEnvironmental refugees.$2fast$0(OCoLC)fst00913442
=650  \7$aEmigration and immigration$xEnvironmental aspects.$2fast$0(OCoLC)fst00908699
=650  \7$aWater-supply$xEconomic aspects.$2fast$0(OCoLC)fst01172370
=690  7\$aSocial Welfare$2blcoll
=700  1\$aVan Den Hoek, Jamon,$eauthor.
=700  1\$aWalters, Alex$c(Writer on environmental protection),$eauthor.
=700  1\$aDevenish, Alan,$eauthor.
=710  2\$aFood and Agriculture Organization of the United Nations,$eissuing body.
=830  \0$aLand and water discussion paper ;$v11.
=852  41$aBritish Library$bHMNTS$jOPB.2022.x.26
=856  41$uhttp://www.fao.org/3/I8867EN/i8867en.pdf
=CAT  \\$a6524$b40$c20190815$lBLL01$h0944
=CAT  \\$aBATCH-016$c20190821$lBLL01$h2150
=CAT  \\$a9657$b40$c20220104$lBLL01$h1415
=CAT  \\$a15005$b40$c20220118$lBLL01$h1220
=CAT  \\$a15005$b40$c20220118$lBLL01$h1323
=CAT  \\$a15005$b40$c20220118$lBLL01$h1501
=CAT  \\$aBATCH-SWP$c20220204$lBLL01$h2232
=FIN  \\$aY$d20220104
=FMT  \\$a  BK
=LAS  \\$aBATCH-SWP$b00$c20220204$lBLL01$h2232
=SID  \\$aZ39$bOCLC

