=LDR  01785cam a2200493 i 4500
=001  019623125
=003  Uk
=005  20211119213138.0
=008  190805t20192019it\ab\\\\\\\\\000\0\eng\d
=015  \\$aGBC1I3695$2bnb
=016  7\$a019623125$2Uk
=020  \\$a9789251314548$qpaperback
=020  \\$a9251314543$qpaperback
=035  \\$a(OCoLC)1111385583
=040  \\$aYDX$beng$cYDX$dTXA$dEEM$dOCLCF$dIUL$dYDXIT$dUk$erda
=042  \\$aukblcatcopy
=043  \\$ad------
=050  \4$aHD9018.D44$bS36 2019
=082  04$a338.191724$223
=245  00$aSaving livelihoods saves lives, 2018.
=264  \1$aRome :$bFood and Agriculture Organization of the United Nations,$c2019.
=264  \4$c©2019
=300  \\$av, 64 pages :$billustrations (colour), maps (colour) ;$c30 cm
=336  \\$atext$btxt$2rdacontent
=337  \\$aunmediated$bn$2rdamedia
=338  \\$avolume$bnc$2rdacarrier
=530  \\$aAlso available online.
=650  \0$aFood security$zDeveloping countries.
=650  \0$aEmergency management$zDeveloping countries.
=650  \7$aEmergency management.$2fast$0(OCoLC)fst00908500
=650  \7$aFood security.$2fast$0(OCoLC)fst01748879
=651  \7$aDeveloping countries.$2fast$0(OCoLC)fst01242969
=690  7\$aManagement and Business Studies$2blcoll
=710  2\$aFood and Agriculture Organization of the United Nations,$eissuing body.
=852  41$aBritish Library$bHMNTS$jOPB.2021.x.381
=856  41$uhttp://www.fao.org/3/ca4588en/ca4588en.pdf
=CAT  \\$a10812$b40$c20191125$lBLL01$h1442
=CAT  \\$aBATCH-016$c20191127$lBLL01$h2149
=CAT  \\$a6632$b40$c20211104$lBLL01$h1142
=CAT  \\$aBATCH-MBS$c20211119$lBLL01$h2131
=FIN  \\$aY$d20211104
=FMT  \\$a  BK
=LAS  \\$aBATCH-MBS$b00$c20211119$lBLL01$h2131
=SID  \\$aZ39$bOCLC

