=LDR  03856cas a2200841 i 4500
=001  019663726
=003  Uk
=005  20230504112727.0
=007  ta
=008  171115c20179999it\ar\\\\\s\\i0\\\a0eng\\
=010  \\$a  2018238040
=022  \\$a2663-8061
=035  \\$a(OCoLC)1011597860
=040  \\$aTXA$beng$cTXA$dOCL$dIUL$dOCLCA$dWAU$dOCL$dCUY$dHUL$dOCLCO$dOCLCA$dDLC$dOCLCA$dUk$erda
=042  \\$aukblsr
=043  \\$ad------
=050  00$aHD9018.D44$bS72
=060  \4$aWA 695$bS797
=082  04$a363.8091724$223
=222  \4$aThe state of food security and nutrition in the world$b(Print)
=245  04$aThe state of food security and nutrition in the world.
=264  \1$aRome :$bFood and Agriculture Organization of the United Nations,$c2017-
=300  \\$billustrations (colour) ;$c30 cm
=310  \\$aAnnual
=336  \\$atext$2rdacontent
=337  \\$aunmediated$2rdamedia
=338  \\$avolume$2rdacarrier
=362  1\$aBegan with: 2017.
=550  \\$aPublished in partnership with: International Fund for Agricultural Development, UNICEF, World Food Programme, and World Health Organization.
=588  \\$aDescription based on: 2017; title from title page.
=588  \\$aLatest issue consulted: 2019.
=650  \0$aFood supply$zDeveloping countries$vPeriodicals.
=650  \0$aNutrition$zDeveloping countries$vPeriodicals.
=650  \0$aMalnutrition$zDeveloping countries$vPeriodicals.
=650  \0$aHunger$zDeveloping countries$vPeriodicals.
=650  12$aFood Supply.
=650  22$aMalnutrition.
=650  22$aNutrition Disorders.
=650  22$aDeveloping Countries.
=650  \7$aNutrition.$2fast$0(OCoLC)fst01042187
=650  \7$aFood supply.$2fast$0(OCoLC)fst00931196
=650  \7$aHunger.$2fast$0(OCoLC)fst00964089
=650  \7$aMalnutrition.$2fast$0(OCoLC)fst01006776
=651  \7$aDeveloping countries.$2fast$0(OCoLC)fst01242969
=655  \7$aPeriodicals.$2fast$0(OCoLC)fst01411641
=655  \7$aSerial publications.$2fast$0(OCoLC)fst01919968
=690  7\$aSocial Welfare$2blcoll
=710  2\$aFood and Agriculture Organization of the United Nations,$eissuing body.
=710  2\$aInternational Fund for Agricultural Development,$eissuing body.
=710  2\$aUNICEF,$eissuing body.
=710  2\$aWorld Food Programme,$eissuing body.
=710  2\$aWorld Health Organization,$eissuing body.
=775  08$iIssued also in French:$tÉtat de la sécurité alimentaire et de la nutrition dans le monde$x2522-7416
=775  08$iIssued also in Chinese:$tShìjiè liángshi ānquán hé yíngyǎng zhuàngkuàng$x2663-8460
=775  08$aIssued also in Russian:$tPoloženie del v oblasti prodovolʹstvennoj bezopasnosti i pitaniâ v mire$x2663-8487
=775  08$iIssued also in Spanish, Castilian:$tEstado de la seguridad alimentaria y la nutrición en el mundo$x2663-8541
=775  08$iIssued also in Arabic:$tḤālaẗ al-amn al-ġid̲āʾī wa-al-taġd̲iyaẗ fī al-ʿālam$x2663-8703
=776  08$iOnline version:$tState of food security and nutrition in the world
=780  00$tState of food insecurity in the world
=852  41$aBritish Library$bHMNTS$jOPD.9.x.51
=856  41$uhttp://bibpurl.oclc.org/web/13847
=856  41$uhttp://www.fao.org/documents/
=985  \\$aUpdated by MS generated file for WR2302-017
=CAT  \\$a10969$b40$c20200107$lBLL01$h1245
=CAT  \\$a10969$b40$c20200115$lBLL01$h1237
=CAT  \\$aBATCH-SWP$c20200124$lBLL01$h2216
=CAT  \\$a8323$b40$c20220722$lBLL01$h1616
=CAT  \\$aW2302-0174$c20230223$lBLL01$h2044
=CAT  \\$a5110$b40$c20230504$lBLL01$h1127
=FIN  \\$aY$d20200115
=FMT  \\$a  SE
=LAS  \\$a5110$b40$c20230504$lBLL01$h1127
=LKR  \\$aPAR$b010499104$lBLL01$r78000$mThe state of food security and nutrition in the world (Print)$nThe state of food insecurity in the world.

