=LDR  02718cam a2200565 i 4500
=001  019688161
=003  Uk
=005  20220419111758.0
=008  190702t20192019it\a\\\\\b\\\i000\0\eng\d
=015  \\$aGBC267932$2bnb
=016  7\$a019688161$2Uk
=020  \\$a9789251314272$qpaperback
=020  \\$a9251314276$q(pbk.)
=035  \\$a(OCoLC)1107336184
=040  \\$aYDX$beng$cYDX$dTXA$dEEM$dOCLCF$dYDXIT$dIUL$dOCLCQ$dUk$erda
=042  \\$aukblcatcopy
=050  \4$aHD6077$b.O86 2019
=082  04$a630.68$223
=100  1\$aOsorio, Martha,$eauthor.
=245  10$aChanging the terms of women's engagement in cocoa and coffee supply chains /$cprepared by Martha Osorio [and five others].
=264  \1$aRome :$bFood and Agriculture Organization of the United Nations :$bKIT Royal Tropical Institute :$bTwin,$c2019.
=264  \4$c©2019
=300  \\$axi, 88 pages :$bcolor illustrations ;$c30 cm
=336  \\$atext$btxt$2rdacontent
=337  \\$aunmediated$bn$2rdamedia
=338  \\$avolume$bnc$2rdacarrier
=500  \\$a"CA4416EN/1/05.19"--Back cover.
=504  \\$aIncludes bibliographical references (page 82).
=520  \\$a"This publication critically reviews the experiences of different organizations around the world (producer organizations, companies, NGOs, and service providers) working towards gender equality in the cocoa and coffee sectors. Its purpose is to showcase good practices and provide inspiration as well as guidance for actors engaged in agricultrual supply chains on how to change the terms of engagement for women producers in order to achieve more gender-equitable distribution of opportunities and benefits, while at the same time reaching business objectives at various levels"--Back cover.
=530  \\$aAlso available online.
=650  \0$aWomen in agriculture.
=650  \0$aWomen farmers.
=650  \0$aCacao growers.
=650  \0$aWomen coffee growers.
=650  \7$aCacao growers.$2fast$0(OCoLC)fst00843672
=650  \7$aWomen coffee growers.$2fast$0(OCoLC)fst01177434
=650  \7$aWomen farmers.$2fast$0(OCoLC)fst01177667
=650  \7$aWomen in agriculture.$2fast$0(OCoLC)fst01177815
=710  2\$aFood and Agriculture Organization of the United Nations,$eissuing body.
=710  2\$aKoninklijk Instituut voor de Tropen,$eissuing body.
=710  2\$aTwin (Organization),$eissuing body.
=852  41$aBritish Library$bHMNTS$jOPB.2022.x.118
=856  41$uhttp://www.fao.org/3/ca4416en/ca4416en.pdf
=CAT  \\$a8337$b40$c20200127$lBLL01$h1637
=CAT  \\$aBATCH-016$c20200129$lBLL01$h2149
=CAT  \\$a9657$b40$c20220419$lBLL01$h1117
=FIN  \\$aY$d20220419
=FMT  \\$a  BK
=LAS  \\$a9657$b40$c20220419$lBLL01$h1117
=SID  \\$aZ39$bOCLC

