=LDR  02799cam a2200577 i 4500
=001  019688163
=003  Uk
=005  20220527212755.0
=008  190702t20192019gauac\\\\b\\\i000\0\eng\d
=015  \\$aGBC274792$2bnb
=016  7\$a019688163$2Uk
=020  \\$a9789251313497$qpaperback
=020  \\$a9251313490$qpaperback
=035  \\$a(OCoLC)1107345424
=040  \\$aYDX$beng$cYDX$dTXA$dEEM$dOCLCF$dYDXIT$dFIE$dIUL$dUk$erda
=042  \\$aukblcatcopy
=043  \\$ad------
=050  \4$aHD6077$b.G66 2019
=082  04$a338.1082$223
=245  00$aGood practices for integrating gender equality and women's empowerment in climate-smart agriculture programmes.
=264  \1$aAtlanta :$bFood and Agriculture Organization of the United Nations :$bCARE,$c2019.
=264  \4$c©2019
=300  \\$aix, 98 pages :$bcolor illustrations, color portraits ;$c28 cm
=336  \\$atext$btxt$2rdacontent
=337  \\$aunmediated$bn$2rdamedia
=338  \\$avolume$bnc$2rdacarrier
=504  \\$aIncludes bibliographical references (pages 91-93).
=520  \\$aBased on case studies from the field, this publication provides agriculture development practitioners and policymakers with good practices and tools for the successful integration of gender equality and women's empowerment into climate-smart agriculture work. With a focus on agricultural practices implemented by small-scale food producers in developing countries, it demonstrates the necessity and benefits of incorporating a gender approach and presents tested strategies for enhancing the engagement of women and vulnerable groups in climate-smart agriculture. --$cProvided by publisher.
=530  \\$aAlso available online.
=650  \0$aWomen in agriculture$zDeveloping countries.
=650  \0$aEquality$zDeveloping countries.
=650  \0$aCrops and climate$zDeveloping countries.
=650  \7$aCrops and climate.$2fast$0(OCoLC)fst00884075
=650  \7$aEquality.$2fast$0(OCoLC)fst00914456
=650  \7$aWomen in agriculture.$2fast$0(OCoLC)fst01177815
=651  \7$aDeveloping countries.$2fast$0(OCoLC)fst01242969
=690  7\$aManagement and Business Studies$2blcoll
=690  7\$aManagement and Business Studies$2blcoll
=710  2\$aFood and Agriculture Organization of the United Nations,$eissuing body.
=710  2\$aCARE Inc.,$eissuing body.
=852  41$aBritish Library$bHMNTS$jOPB.2022.x.131
=856  41$uhttp://www.fao.org/3/ca3883en/ca3883en.pdf
=CAT  \\$a8337$b40$c20200127$lBLL01$h1639
=CAT  \\$aBATCH-016$c20200129$lBLL01$h2149
=CAT  \\$a9657$b40$c20220429$lBLL01$h0911
=CAT  \\$aBATCH-MBS$c20220520$lBLL01$h2129
=CAT  \\$aBATCH-MBS$c20220527$lBLL01$h2127
=FIN  \\$aY$d20220429
=FMT  \\$a  BK
=LAS  \\$aBATCH-MBS$b00$c20220527$lBLL01$h2127
=SID  \\$aZ39$bOCLC

