=LDR  01983cam a2200517 i 4500
=001  019688363
=003  Uk
=005  20220401215447.0
=008  190827s2019\\\\it\ab\\\\\\\\\000\0\eng\d
=015  \\$aGBC243206$2bnb
=016  7\$a019688363$2Uk
=020  \\$a9789251314111$qhardback
=020  \\$a925131411X$qhardback
=035  \\$a(OCoLC)1112888783
=040  \\$aYDX$beng$cYDX$dTXA$dEEM$dOCLCF$dYDXIT$dUk$erda
=042  \\$aukblcatcopy
=050  \4$aHD9000.5$b.F15 2019
=082  04$a338.19$223
=245  00$aFAO :$bchallenges and opportunities in a global world.
=246  3\$aFood and Agriculture Organization :$bchallenges and opportunities in a global world
=264  \1$aRome :$bFood and Agriculture Organization of the United Nations,$c[2019]
=300  \\$a319 pages :$billustrations (colour), maps (colour) ;$c30 x 31 cm
=336  \\$atext$btxt$2rdacontent
=336  \\$astill image$bsti$2rdacontent
=337  \\$aunmediated$bn$2rdamedia
=338  \\$avolume$bnc$2rdacarrier
=500  \\$a"Prepared by FAO Office for Corporate Communication"--Title page verso.
=530  \\$aAlso available online.
=650  \0$aFood security.
=650  \0$aAgriculture$xEconomic aspects.
=650  \0$aClimatic changes.
=650  \7$aAgriculture$xEconomic aspects.$2fast$0(OCoLC)fst00801415
=650  \7$aClimatic changes.$2fast$0(OCoLC)fst00864229
=650  \7$aFood security.$2fast$0(OCoLC)fst01748879
=690  7\$aManagement and Business Studies$2blcoll
=710  2\$aFood and Agriculture Organization of the United Nations,$eissuing body.
=852  41$aBritish Library$bHMNTS$jOPB.2022.x.98
=856  41$uhttp://www.fao.org/3/ca4305en/ca4305en.pdf
=CAT  \\$a11237$b40$c20200128$lBLL01$h0911
=CAT  \\$aBATCH-016$c20200129$lBLL01$h2149
=CAT  \\$a6632$b40$c20220315$lBLL01$h1211
=CAT  \\$aBATCH-MBS$c20220401$lBLL01$h2154
=FIN  \\$aY$d20220315
=FMT  \\$a  BK
=LAS  \\$aBATCH-MBS$b00$c20220401$lBLL01$h2154
=SID  \\$aZ39$bOCLC

