=LDR  02079cam a2200517 i 4500
=001  019986401
=003  Uk
=005  20220708214024.0
=008  200213s2019\\\\it\a\\\\\b\\\\000\0\eng\d
=015  \\$aGBC2A8669$2bnb
=016  7\$a019986401$2Uk
=020  \\$a9251319707$q(paperback)
=020  \\$a9789251319703$q(paperback)
=035  \\$a(OCoLC)1139923109
=040  \\$aYDX$beng$cYDX$dOCLCQ$dTXA$dOCLCF$dYDXIT$dOCLCO$dOCLCQ$dOCLCO$duk$erda
=042  \\$aukblcatcopy
=082  04$a338.1$223
=100  1\$aLowder, Sarah K.,$eauthor.
=245  10$aFarms, family farms, farmland distribution and farm labour :$bwhat do we know today? /$cSarah K. Lowder, Marco V. Sánchez and Raffaele Bertini.
=264  \1$aRome :$bFood and Agriculture Organization of the United Nations,$c2019.
=300  \\$avi, 70 pages :$bcolour illustrations ;$c30 cm.
=336  \\$atext$btxt$2rdacontent
=337  \\$aunmediated$bn$2rdamedia
=338  \\$avolume$bnc$2rdacarrier
=490  1\$aFAO agricultural development economics working paper ;$v19-08 (November 2019)
=504  \\$aIncludes bibliographical references (pages 34-43).
=530  \\$aAlso available online.
=650  \0$aFamily farms.
=650  \0$aFarms, Small.
=650  \7$aFamily farms$2fast$0(OCoLC)fst00920335
=650  \7$aFarms, Small$2fast$0(OCoLC)fst00921488
=690  7\$aManagement and Business Studies$2blcoll
=700  1\$aSánchez, Marco V.,$d1971-$eauthor.
=700  1\$aBertini, Raffaele,$eauthor.
=710  2\$aFood and Agriculture Organization of the United Nations,$eissuing body.
=830  \0$aFAO agricultural development economics working paper ;$v19-08 (November 2019)
=852  41$aBritish Library$bHMNTS$jOPB.2022.x.196
=856  41$uhttp://www.fao.org/3/ca7036en/ca7036en.pdf
=CAT  \\$a11373$b40$c20201022$lBLL01$h0909
=CAT  \\$aBATCH-016$c20201028$lBLL01$h2153
=CAT  \\$a10883$b40$c20220623$lBLL01$h1510
=CAT  \\$aBATCH-MBS$c20220708$lBLL01$h2140
=FIN  \\$aY$d20220623
=FMT  \\$a  BK
=LAS  \\$aBATCH-MBS$b00$c20220708$lBLL01$h2140
=SID  \\$aZ39$bOCLC

