=LDR  02118cas a2200553 i 4500
=001  020423711
=003  Uk
=005  20211214160835.0
=006  m\\\\\\\\d\\\\\\\\
=007  co||||||||||||
=008  071116c20079999it\ar\\\qc\\\i0\\\b0eng\c
=010  \\$a  2007252342
=035  \\$a(OCoLC)181410608
=040  \\$aWaU$cWaU$dUk
=041  0\$aeng$afre$aspa
=042  \\$aukblsr
=050  14$aZ5076.Z9$bF62a
=082  04$a016.63$223
=110  2\$aFood and Agriculture Organization of the United Nations.
=245  10$aFAO publications catalogue$h[electronic resource].
=246  11$aCatalogue des publications de la FAO
=246  11$aCatálogo de las publicaciones de la FAO
=246  13$aFAO publications catalogue CD-ROM
=246  13$aFAO publications catalogue on CD-ROM
=246  13$aFAO catalogue
=260  \\$aRome, Italy :$bFAO
=300  \\$aCD-ROMs ;$c4 3/4 in.
=310  \\$aAnnual
=336  \\$atext$2rdacontent
=337  \\$acomputer$2rdamedia
=338  \\$acomputer disc$2rdacarrier
=362  1\$aBegan with 2007.
=500  \\$aDescription based on first issue; title from disc label.
=546  \\$aText in English, French, and Spanish.
=610  20$aFood and Agriculture Organization of the United Nations$vCatalogs.
=650  \0$aAgriculture$vBibliography$vCatalogs.
=650  \0$aNutrition$vBibliography$vCatalogs.
=776  08$iAlso issued in print:$aFood and Agriculture Organization of the United Nations$tCatalogue
=776  08$iAlso issued online:$aFood and Agriculture Organization of the United Nations$tFAO publications catalogue on-line
=780  00$aFood and Agriculture Organization of the United Nations$sFAO publications titles in print (CD-ROM).$tFAO publications titles in print
=852  41$aBritish Library$bHMNTS$jED.9.x.216$32007
=856  41$uhttp://www.fao.org/catalog/what%5Fnew%2De.htm
=CAT  \\$a3072$b40$c20211214$lBLL01$h1608
=CAT  \\$a5194$b40$c20220209$lBLL01$h1545
=CAT  \\$aBATCH-UPD$b40$c20220209$lBLL01$h1546
=FIN  \\$aY$d20211214
=FMT  \\$a  SE
=LAS  \\$aBATCH-UPD$b40$c20220209$lBLL01$h1546
=SRC  \\$aBLL02

