=LDR  02552cam a2200613 i 4500
=001  020580231
=003  Uk
=005  20221216215443.0
=008  200313t20192019it\a\\\\\b\\\\000\0\eng\d
=015  \\$aGBC2L1422$2bnb
=016  7\$a020580231$2Uk
=020  \\$a9789251317969$q(paperback)
=020  \\$a9251317968$q(paperback)
=035  \\$a(OCoLC)1144117860
=040  \\$aYDX$beng$cYDX$dOCLCQ$dTXA$dOCLCF$dIUL$dYDXIT$dOCLCQ$dOCLCO$dUk$erda
=042  \\$aukblcatcopy
=050  \4$aHC79.E5$bB717 2019
=082  04$a338.927$223
=100  1\$aBracco, Stefania,$eauthor.
=245  10$aIndicators to monitor and evaluate the sustainability of bioeconomy :$boverview and a proposed way forward /$cStefania Bracco, Almona Tani, Özgül Çalıcıoğlu, Marta Gomez San Juan and Anne Bogdanski.
=264  \1$aRome :$bFood and Agriculture Organization of the United Nations,$c2019.
=264  \4$c©2019
=300  \\$axi, 127 pages :$bcolour illustrations ;$c30 cm.
=336  \\$atext$btxt$2rdacontent
=337  \\$aunmediated$bn$2rdamedia
=338  \\$avolume$bnc$2rdacarrier
=490  1\$aEnvironment and natural resources management working paper,$x2226-6062 ;$v77
=504  \\$aIncludes bibliographical references (pages 118-124).
=530  \\$aAlso available online.
=650  \0$aSustainable development.
=650  \0$aSustainable agriculture$xEconomic aspects.
=650  \6$aDéveloppement durable.
=650  \6$aAgriculture durable$xAspect économique.
=650  \7$asustainable development.$2aat
=650  \7$aSustainable agriculture$xEconomic aspects.$2fast$0(OCoLC)fst01139714
=650  \7$aSustainable development.$2fast$0(OCoLC)fst01139731
=690  7\$aManagement and Business Studies$2blcoll
=700  1\$aTani, Almona,$eauthor.
=700  1\$aÇalıcıoğlu, Özgül,$eauthor.
=700  1\$aGomez San Juan, Marta,$eauthor.
=700  1\$aBogdanski, Anne,$eauthor.
=710  2\$aFood and Agriculture Organization of the United Nations,$eissuing body.
=830  \0$aEnvironment and natural resources management working paper ;$v77.
=852  41$aBritish Library$bHMNTS$jOPB.2022.x.427
=856  41$uhttp://www.fao.org/3/ca6048en/ca6048en.pdf
=CAT  \\$a11373$b40$c20220510$lBLL01$h1106
=CAT  \\$aBATCH-016$c20220511$lBLL01$h2154
=CAT  \\$a10883$b40$c20221128$lBLL01$h1110
=CAT  \\$aBATCH-016$c20221130$lBLL01$h2152
=CAT  \\$aBATCH-MBS$c20221216$lBLL01$h2154
=FIN  \\$aY$d20221128
=FMT  \\$a  BK
=LAS  \\$aBATCH-MBS$b00$c20221216$lBLL01$h2154
=SID  \\$aZ39$bOCLC

