=LDR  02177 am a2200541 i 4500
=001  018800104
=003  Uk
=005  20190731153129.0
=008  170826t20172017ua\a\\\\\b\\\i000\0\eng\d
=015  \\$aGBB9D2050$2bnb
=016  7\$a018800104$2Uk
=020  \\$a9789251096482$qpaperback
=020  \\$a9251096481$q(paperback)
=035  \\$a(OCoLC)1002129035$z(OCoLC)1001535715
=040  \\$aBTCTA$beng$cBTCTA$dYDX$dTXA$dOCLCF$dIUL$dUIU$dORE$dUk$erda
=042  \\$aukblcatcopy
=043  \\$aaw-----$aff-----
=082  04$a338.1956$223
=245  00$aNear East and North Africa regional overview of food insecurity 2016 :$bsustainable agriculture water management is key to ending hunger and to climate change adaptation.
=246  30$aSustainable agriculture water management is key to ending hunger and to climate change adaptation
=264  \1$aCairo :$bFood and Agriculture Organization of the United Nations,$c[2017]
=264  \4$c©2017
=300  \\$aviii, 27 pages :$bcolor illustrations ;$c29 cm
=336  \\$atext$btxt$2rdacontent
=337  \\$aunmediated$bn$2rdamedia
=338  \\$avolume$bnc$2rdacarrier
=504  \\$aIncludes bibliographical references (pages 26-27).
=530  \\$aAlso available online.
=650  \0$aFood security$zMiddle East.
=650  \0$aFood security$zAfrica, North.
=650  \0$aFood supply$zMiddle East.
=650  \0$aFood supply$zAfrica, North.
=650  \7$aFood security.$2fast$0(OCoLC)fst01748879
=650  \7$aFood supply.$2fast$0(OCoLC)fst00931196
=651  \7$aAfrica, North.$2fast$0(OCoLC)fst01239515
=651  \7$aMiddle East.$2fast$0(OCoLC)fst01241586
=690  7\$aManagement and Business Studies$2blcoll
=710  2\$aFood and Agriculture Organization of the United Nations,$eissuing body.
=852  41$aBritish Library$bHMNTS$jOPB.2019.x.586
=856  41$uhttp://www.fao.org/3/a-i6860e.pdf
=CAT  \\$a11168$b40$c20180316$lBLL01$h1422
=CAT  \\$aBATCH-016$c20180321$lBLL01$h2157
=CAT  \\$a9657$b40$c20190731$lBLL01$h1531
=CAT  \\$aBATCH-MBS$c20190823$lBLL01$h2126
=FIN  \\$aY$d20190731
=FMT  \\$a  BK
=LAS  \\$aBATCH-MBS$b00$c20190823$lBLL01$h2126
=SID  \\$aZ39$bOCLC

