=LDR  02059 am a2200541 i 4500
=001  018803389
=003  Uk
=005  20190801131423.0
=008  170826t20172017hu\ab\\\\b\\\\000\0\eng\c
=015  \\$aGBB9D2134$2bnb
=016  7\$a018803389$2Uk
=020  \\$a9789251096598$qpaperback
=020  \\$a9251096597$qpaperback
=035  \\$a(OCoLC)1002129036$z(OCoLC)1001533451
=040  \\$aBTCTA$beng$cBTCTA$dYDX$dTXA$dIUL$dOCLCF$dUIU$dOBE$dUk$erda
=042  \\$aukblcatcopy
=043  \\$ae------$aac-----
=050  \4$aHD9017.E85$bE87 2017
=082  04$a338.194$223
=245  00$aEurope and Central Asia regional overview of food insecurity 2016 :$bthe food insecurity transition.
=264  \1$aBudapest :$bFood and Agriculture Organization of the United Nations,$c2017.
=264  \4$c©2017
=300  \\$aix, 41 pages :$bcolor illustrations, 1 color map ;$c30 cm.
=336  \\$atext$btxt$2rdacontent
=337  \\$aunmediated$bn$2rdamedia
=338  \\$avolume$bnc$2rdacarrier
=490  0\$aFood and agriculture organization of the United Nations
=504  \\$aIncludes bibliographical references (pages 37-41).
=650  \0$aFood security$zEurope.
=650  \0$aFood security$zAsia, Central.
=650  \0$aFood supply$zEurope.
=650  \0$aFood supply$zAsia, Central.
=650  \7$aFood security.$2fast$0(OCoLC)fst01748879
=650  \7$aFood supply.$2fast$0(OCoLC)fst00931196
=651  \7$aAsia, Central.$2fast$0(OCoLC)fst01240497
=651  \7$aEurope.$2fast$0(OCoLC)fst01245064
=690  7\$aManagement and Business Studies$2blcoll
=710  2\$aFood and Agriculture Organization of the United Nations,$eissuing body.
=852  41$aBritish Library$bHMNTS$jOPB.2019.x.582
=856  41$uhttp://www.fao.org/3/a-i6877e.pdf
=CAT  \\$a11168$b40$c20180319$lBLL01$h0902
=CAT  \\$aBATCH-016$c20180321$lBLL01$h2157
=CAT  \\$a9657$b40$c20190801$lBLL01$h1314
=CAT  \\$aBATCH-MBS$c20190816$lBLL01$h2117
=FIN  \\$aY$d20190801
=FMT  \\$a  BK
=LAS  \\$aBATCH-MBS$b00$c20190816$lBLL01$h2117
=SID  \\$aZ39$bOCLC

