=LDR  02977 am a2200613 i 4500
=001  018803392
=003  Uk
=005  20190802121110.0
=008  171106t20172017it\a\\\\\\\\\i100\0\eng\\
=015  \\$aGBB9D2158$2bnb
=016  7\$a018803392$2Uk
=020  \\$a9789251097441$qpaperback
=020  \\$a9251097445$qpaperback
=035  \\$a(OCoLC)1009747942$z(OCoLC)1001541986$z(OCoLC)1017576689
=040  \\$aTXA$beng$cTXA$dTXA$dUIU$dMNU$dYDX$dIUL$dCOD$dOCLCF$dUk$erda
=042  \\$aukblcatcopy
=050  \4$aHD9000.5$b.M56 2016
=082  04$a338.13$223
=111  2\$aMinisterial Meeting on Commodity Markets and Prices$n(4th :$d2016 :$cRome, Italy)
=245  10$aReport of the Fourth Ministerial Meeting on Commodity Markets and Prices :$blong-term commodity price trends and sustainable agricultural development, FAO, Rome, 3 October 2016.
=264  \1$aRome :$bFood and Agriculture Organization of the United Nations,$c2017.
=264  \4$c©2017
=300  \\$av, 34 pages :$bcolor illustrations ;$c30 cm.
=336  \\$atext$2rdacontent
=336  \\$astill image$bsti$2rdacontent
=337  \\$aunmediated$2rdamedia
=338  \\$avolume$2rdacarrier
=490  0\$aFood and agriculture organization of the United Nations
=520  \\$a"Ministers of Agriculture and Ministers of Trade met on 3 October 2016 at the headquarters of the Food and Agriculture Organization of the United Nations (FAO) in Rome to debate and exchange views on policies and strategies within the context of 'Long-term Commodity Price Trends and Sustainable Agricultural Development'. This report presents the topics of discusson of the Ministerial Meeting."--Publisher's description.
=650  \0$aFood prices$vCongresses.
=650  \0$aFarm produce$xCommerce$vCongresses.
=650  \0$aSustainable agriculture$vCongresses.
=650  \0$aAgricultural productivity$xEnvironmental aspects$vCongresses.
=650  \0$aNutrition$vCongresses.
=650  \7$aAgricultural productivity$xEnvironmental aspects.$2fast$0(OCoLC)fst00801259
=650  \7$aFood prices.$2fast$0(OCoLC)fst00930995
=650  \7$aNutrition.$2fast$0(OCoLC)fst01042187
=650  \7$aSustainable agriculture.$2fast$0(OCoLC)fst01139712
=655  \7$aConference papers and proceedings.$2fast$0(OCoLC)fst01423772
=690  7\$aManagement and Business Studies$2blcoll
=710  2\$aFood and Agriculture Organization of the United Nations,$eissuing body.
=852  41$aBritish Library$bHMNTS$jOPB.2019.x.585
=856  41$uhttp://www.fao.org/3/a-i7194e.pdf
=CAT  \\$a11168$b40$c20180319$lBLL01$h0905
=CAT  \\$aBATCH-016$c20180321$lBLL01$h2157
=CAT  \\$a9657$b40$c20190801$lBLL01$h1513
=CAT  \\$a9657$b40$c20190801$lBLL01$h1514
=CAT  \\$a9657$b40$c20190801$lBLL01$h1516
=CAT  \\$a10804$b40$c20190802$lBLL01$h1211
=CAT  \\$aBATCH-MBS$c20190816$lBLL01$h2117
=FIN  \\$aY$d20190801
=FMT  \\$a  BK
=LAS  \\$aBATCH-MBS$b00$c20190816$lBLL01$h2117
=SID  \\$aZ39$bOCLC

