=LDR  03558 am a2200589 i 4500
=001  018803398
=003  Uk
=005  20181015111601.0
=008  171030t20172017gh\a\\\\\b\\\i000\0\eng\d
=015  \\$aGBB8I7174$2bnb
=016  7\$a018803398$2Uk
=020  \\$a9251096295$q(paperback)
=020  \\$a9789251096291$q(paperback)
=035  \\$a(OCoLC)1001541234
=040  \\$aYDX$beng$cYDX$dTXA$dOCLCF$dIUL$dUIU$dFIE$dORE$dUk$erda
=042  \\$aukblderived
=043  \\$afb-----
=082  04$a338.1967$223
=245  00$aAfrica regional overview of food security and nutrition 2016 :$bthe challenges of building resilience to shocks and stresses.
=246  30$aChallenges of building resilience to shocks and stresses
=246  17$aRegional overview of food security and nutrition 2016
=264  \1$aAccra :$bFood and Agriculture Organization of the United Nations,$c[2017]
=264  \4$c©2017
=300  \\$aviii, 39 pages :$billustrations ;$c30 cm
=336  \\$atext$btxt$2rdacontent
=337  \\$aunmediated$bn$2rdamedia
=338  \\$avolume$bnc$2rdacarrier
=504  \\$aIncludes bibliographical references.
=520  \\$aSince 2015, Sub-Saharan Africa has experienced severe climate-induced disruptions as a result of the El Niño weather phenomenon. The severity and extent of the ongoing El Niño, with its related droughts and floods have been considered the worst since the turn of the century, and have affected the livelihoods of tens of millions of poor households. This is compounded by the increasing frequency of other shocks - civil strife and conflicts, increasing incidence of trans-boundary plant and animal pests and diseases as well as socio-economic shocks that are likely to reverse years of progress, undermining efforts by African governments to attain food security and nutrition. Because of the importance FAO and UNECA attach to resilience building, the theme of the 2016 edition of the Regional Overview of Food Security and Nutrition in Africa is: "The Challenge of Building Resilience to Shocks and Stresses". Thus, an entire section of this report (Part 3) focuses on issues and response mechanisms for building resilience to shocks related to food security and nutrition in the context of climate change and conflicts. The report presents in Parts 1 and 2 respectively the prevalence and trends in malnutrition, and policies and programmes in support of their improvements.--$cProvided by Publisher.
=530  \\$aAlso available online.
=650  \0$aFood security$zAfrica, Sub-Saharan.
=650  \0$aFood supply$zAfrica, Sub-Saharan.
=650  \0$aNutrition$zAfrica, Sub-Saharan.
=650  \7$aFood security.$2fast$0(OCoLC)fst01748879
=650  \7$aFood supply.$2fast$0(OCoLC)fst00931196
=650  \7$aNutrition.$2fast$0(OCoLC)fst01042187
=651  \7$aAfrica, Sub-Saharan.$2fast$0(OCoLC)fst01239520
=690  7\$aManagement and Business Studies$2blcoll
=710  2\$aFood and Agriculture Organization of the United Nations,$eissuing body.
=852  41$aBritish Library$bHMNTS$jOPB.2018.x.432
=852  41$aBritish Library$bOC$jYP.2018.b.286
=856  41$uhttp://www.fao.org/3/a-i6813e.pdf
=CAT  \\$a11168$b40$c20180319$lBLL01$h0908
=CAT  \\$aBATCH-016$c20180321$lBLL01$h2157
=CAT  \\$a10904$b40$c20180517$lBLL01$h1358
=CAT  \\$aBATCH-016$c20180523$lBLL01$h2147
=CAT  \\$aBATCH-MBS$c20180525$lBLL01$h2121
=CAT  \\$a9657$b40$c20181015$lBLL01$h1116
=FIN  \\$aY$d20180517
=FMT  \\$a  BK
=LAS  \\$a9657$b40$c20181015$lBLL01$h1116
=SID  \\$aZ39$bOCLC

