=LDR  02222 am a2200577 i 4500
=001  018803400
=003  Uk
=005  20190801131534.0
=008  170822t20162016it\ad\\\\b\\\i000\0\eng\c
=015  \\$aGBB9D2133$2bnb
=016  7\$a018803400$2Uk
=020  \\$a9789251095140$qpaperback
=020  \\$a9251095140$q(paperback)
=035  \\$a(OCoLC)1001535234
=040  \\$aYDX$beng$cYDX$dTXA$dOCLCO$dUIU$dOCLCF$dIUL$dORE$dOBE$dUk$erda
=042  \\$aukblcatcopy
=050  \4$aHD9017.A78$bA85 2016
=082  04$a338.1095$222
=245  00$aAsia and the Pacific regional overview of food insecurity 2016 :$binvesting in a zero hunger generation.
=246  17$aRegional overview of food insecurity Asia and the Pacific 2016
=264  \1$a[Rome] :$bFood and Agriculture Organization of the United Nations,$c[2016]
=264  \4$c©2016
=300  \\$aix, 50 pages :$bcolor illustrations, charts ;$c30 cm.
=336  \\$atext$btxt$2rdacontent
=336  \\$astill image$bsti$2rdacontent
=337  \\$aunmediated$bn$2rdamedia
=338  \\$avolume$bnc$2rdacarrier
=490  0\$aFood and agriculture organization of the United nations
=504  \\$aIncludes bibliographical references (pages 46-49).
=650  \0$aFood security$zAsia.
=650  \0$aFood security$zPacific Area.
=650  \0$aFood supply$zAsia.
=650  \0$aFood supply$zPacific Area.
=650  \7$aFood security.$2fast$0(OCoLC)fst01748879
=650  \7$aFood supply.$2fast$0(OCoLC)fst00931196
=651  \7$aAsia.$2fast$0(OCoLC)fst01240495
=651  \7$aPacific Area.$2fast$0(OCoLC)fst01243504
=690  7\$aManagement and Business Studies$2blcoll
=710  2\$aFood and Agriculture Organization of the United Nations,$eissuing body.
=852  41$aBritish Library$bHMNTS$jOPB.2019.x.583
=856  41$uhttp://www.fao.org/3/a-i6481e.pdf
=CAT  \\$a11168$b40$c20180319$lBLL01$h0913
=CAT  \\$aBATCH-016$c20180321$lBLL01$h2157
=CAT  \\$a9657$b40$c20190801$lBLL01$h1307
=CAT  \\$a9657$b40$c20190801$lBLL01$h1309
=CAT  \\$a9657$b40$c20190801$lBLL01$h1315
=CAT  \\$aBATCH-MBS$c20190816$lBLL01$h2117
=FIN  \\$aY$d20190801
=FMT  \\$a  BK
=LAS  \\$aBATCH-MBS$b00$c20190816$lBLL01$h2117
=SID  \\$aZ39$bOCLC

