=LDR  05967 am a2200673 i 4500
=001  018848818
=003  Uk
=005  20191010112345.0
=007  ta
=008  170830s2017\\\\it\abd\\\b\\\i000\0\eng\d
=015  \\$aGBB9G9111$2bnb
=016  7\$a018848818$2Uk
=020  \\$a9789251098332$qpaperback
=020  \\$a9251098336$qpaperback
=035  \\$a(OCoLC)1002118984$z(OCoLC)1036295273
=040  \\$aYDX$beng$cYDX$dTXA$dOCLCF$dIUL$dUWW$dOCLCA$dAU@$dOCLCQ$dOCLCO$dUk$erda
=042  \\$aukblcatcopy
=043  \\$aa-bg---$aa-ii---$aa-vt---
=050  \4$aTD885.5.G73$bR64 2017
=082  04$a363.73874095$223
=100  1\$aRobb, David H. F.,$eauthor.
=245  10$aGreenhouse gas emissions from aquaculture :$ba life cycle assessment of three Asian systems /$cby David H.F. Robb, Michael MacLeod, Mohammad R. Hasan, and Doris Soto.
=264  \1$aRome :$bFood and Agriculture Organization of the United Nations,$c2017.
=300  \\$axiii, 92 pages :$bcolor illustrations, color maps, charts ;$c30 cm.
=336  \\$atext$btxt$2rdacontent
=337  \\$aunmediated$bn$2rdamedia
=338  \\$avolume$bnc$2rdacarrier
=490  1\$aFAO fisheries and aquaculture technical paper,$x2070-7010 ;$v609
=500  \\$a"I7558EN/1/07.17"--Back cover.
=504  \\$aIncludes bibliographical references (pages 41-44).
=505  0\$aMachine generated contents note: 1. Introduction -- 1.1. Aquaculture and greenhouse gas emissions -- 1.2. Aim and scope of this study -- 1.3. The three systems studied -- 1.3.1. Bangladesh: Nile tilapia -- 1.3.2. India: Indian major carps -- 1.3.3. Viet Nam: striped catfish -- 2. Methodology -- 2.1. Field surveys -- 2.1.1. Development of the questionnaires -- 2.1.2. Data collection -- 2.1.3. Raw material questionnaire -- 2.1.4. Feed mill questionnaire -- 2.1.5. Feed distribution questionnaire -- 2.1.6. Fish farm questionnaire -- 2.1.7. Fish market questionnaire -- 2.1.8. Establishing the database -- 2.2. Methodology for quantifying GHG emissions -- 2.2.1. Model overview -- 2.2.2. System boundaries and scope -- 2.2.3. Methods -- 3. Survey results -- 3.1. Aquaculture value chains -- 3.1.1. Nile tilapia in Bangladesh -- 3.1.2. Indian major carps in India -- 3.1.3. Striped catfish in Viet Nam -- 3.2. Feed raw materials -- 3.2.1. Protein sources -- 3.2.2. Carbohydrate sources -- 3.2.3. Lipid sources.
=505  0\$aNote continued: 3.2.4. Other ingredients -- 3.2.5. Raw material transport -- 3.3. Feed formulation -- 3.3.1. Bangladesh -- 3.3.2. India -- 3.3.3. Viet Nam -- 3.4. Feed production -- 3.4.1. Losses during production -- 3.4.2. Packaging -- 3.5. Feed transport -- 3.5.1. Losses in transport and on-farm -- 3.6. Farming -- 3.6.1. Farming areas -- 3.6.2. Farming techniques -- 3.6.3. Energy use -- 3.6.4. Fish production -- 3.7. Fish harvesting and markets -- 4. Model results -- 4.1. Emissions from cradle to farm gate -- 4.2. Emissions from the production of feed materials -- 4.3. Emissions from the transport of feed materials -- 4.4. Emissions from energy use in the feed mills -- 4.5. Emissions from transport of feed from mill to farm -- 4.6.Comparison of total feed Emission Intensity (El) from present study with other studies -- 4.7. Emissions from on-farm energy -- 4.8. Pond N2O and nutrient use efficiency -- 4.9. Emissions arising from Land Use Change (LUC) -- 5. Discussion.
=505  0\$aNote continued: 5.1.Comparing survey results with other studies -- 5.1.1. Bangladesh: Nile tilapia -- 5.1.2. India: major carps -- 5.1.3. Viet Nam: striped catfish -- 5.2. Results of the life cycle analysis of aquaculture production -- 5.3. Identifying measures to improve the El of aquaculture -- 5.3.1. Reducing emissions from feed material production -- 5.3.2. Reducing feed mill energy use emissions -- 5.3.3. Improving efficiency of feed management and feed conversion -- 5.3.4. Improving the El by improving fish health -- 5.3.5. Reducing on-farm N2O -- 5.4. Evaluating measures to improve the El of aquaculture -- 5.5. Improving the quantification of ghg emissions in the model -- References -- Appendixes -- 1A. Raw material questionnaire -- 1B. Feed mill questionnaire -- 1C. Feed distribution questionnaire -- 1D. Fish farm questionnaire -- 1E. Fish market questionnaire -- 2. Aquaculture Life Cycle Analysis (LCA) model -- 3. Collated raw data from feed mills, farms, markets and processors.
=505  0\$aNote continued: 4. Survey results -- 5. Raw material: protein and energy contents, and relative digestibilities -- 6. Emissions intensities of feed materials at their point of production (PoP) -- 7. Emission factors for energy and transport use -- 8. Percentage of each sub-category of feed material in the rations of the three farmed species.
=530  \\$aAlso available online.
=650  \0$aGreenhouse gas mitigation$zBangladesh.
=650  \0$aGreenhouse gas mitigation$zIndia.
=650  \0$aGreenhouse gas mitigation$zVietnam.
=650  \0$aAquaculture$xEnvironmental aspects.
=650  \7$aAquaculture$xEnvironmental aspects.$2fast$0(OCoLC)fst00811871
=650  \7$aGreenhouse gas mitigation.$2fast$0(OCoLC)fst00947703
=651  \7$aBangladesh.$2fast$0(OCoLC)fst01213724
=651  \7$aIndia.$2fast$0(OCoLC)fst01210276
=651  \7$aVietnam.$2fast$0(OCoLC)fst01204778
=700  1\$aMacLeod, Michael$q(Michael J.),$eauthor.
=700  1\$aHasan, Mohammad R.,$eauthor.
=700  1\$aSoto, Doris,$eauthor.
=710  2\$aFood and Agriculture Organization of the United Nations,$eissuing body.
=830  \0$aFAO fisheries and aquaculture technical paper ;$v609.
=852  41$aBritish Library$bHMNTS$jOPB.2019.x.833
=856  41$uhttp://www.fao.org/3/a-i7558e.pdf
=CAT  \\$a11168$b40$c20180427$lBLL01$h0952
=CAT  \\$aBATCH-016$c20180502$lBLL01$h2228
=CAT  \\$a9657$b40$c20191010$lBLL01$h0926
=CAT  \\$a5100$b40$c20191010$lBLL01$h1123
=FIN  \\$aY$d20191010
=FMT  \\$a  BK
=LAS  \\$a5100$b40$c20191010$lBLL01$h1123
=SID  \\$aZ39$bOCLC

