=LDR  02997 am a2200469 i 4500
=001  019033773
=003  Uk
=005  20200129143232.0
=008  171204t20172017it\a\\\\\b\\\\000\0\eng\d
=015  \\$aGBC014147$2bnb
=016  7\$a019033773$2Uk
=020  \\$a9789251099193$qpaperback
=020  \\$a9251099197$qpaperback
=035  \\$a(OCoLC)1013590768
=040  \\$aYDX$beng$cYDX$dTXA$dORE$dOCLCO$dIUL$dOCLCF$dYDX$dU3G$dSFB$dUk$erda
=042  \\$aukblcatcopy
=050  \4$aSB439$b.F66 2017
=082  04$a635.9676$223
=245  00$aVoluntary guidelines for the conservation and sustainable use of crop wild relatives and wild food plants /$cFood and Agriculture Organization of the United Nations.
=264  \1$aRome :$bFood and Agriculture Organization of the United Nations,$c2017.
=264  \4$c©2017
=300  \\$axii, 92 pages :$billustrations (colour) ;$c26 cm
=336  \\$atext$btxt$2rdacontent
=337  \\$aunmediated$bn$2rdamedia
=338  \\$avolume$bnc$2rdacarrier
=504  \\$aIncludes bibliographical references.
=505  00$aMachine generated contents note:$g1.$tIntroduction --$g2.$tLeadership and Stakeholders --$g3.$tUnderstanding the Country Context --$g4.$tPlanning Crop Wild Relatives and Wild Food Plant Conservation --$g5.$tWriting the Strategic Plan --$g6.$tImplementing Strategic Actions --$g7.$tMonitoring Crop Wild Relatives and Wild Food Plant Diversity, and Information Management --$g8.$tCapacity Building.
=520  \\$aCrop wild relatives are potential sources of desirable traits for breeding well-adapted varieties while wild food plants constitute important components of the diets of many people worldwide. Unfortunately, their natural wild habitats are increasingly under threat from both human activities and natural disasters. Habitat loss has a direct, negative impact on the diversity of these valuable resources. These guidelines, intended as reference materials for preparing a National Plan for the Conservation and Sustainable Use of Crop Wild Relatives and Wild Food Plants, will contribute to stemming this continuing loss in diversity. The guidelines are therefore a useful tool for development practitioners, researchers, students and policy-makers who work on the conservation and sustainable use of these valuable resources.
=650  \0$aNative plants for cultivation$xConservation.
=650  \0$aWild plants, Edible$xConservation.
=650  \7$aWild plants, Edible$xConservation.$2fast$0(OCoLC)fst01175129
=710  2\$aFood and Agriculture Organization of the United Nations,$eissuing body.
=710  2\$aCommission on Genetic Resources for Food and Agriculture.
=852  41$aBritish Library$bHMNTS$jOPB.2020.x.24
=856  41$uhttp://www.fao.org/3/a-i7788e.pdf
=CAT  \\$a8337$b40$c20180829$lBLL01$h0906
=CAT  \\$aBATCH-016$c20180829$lBLL01$h2152
=CAT  \\$a6632$b40$c20200129$lBLL01$h1432
=FIN  \\$aY$d20200129
=FMT  \\$a  BK
=LAS  \\$a6632$b40$c20200129$lBLL01$h1432
=SID  \\$aZ39$bOCLC

