=LDR  03782 am a2200553 i 4500
=001  019033775
=003  Uk
=005  20191210135022.0
=008  171204t20172017it\a\\\\\b\\\i000\0\eng\d
=015  \\$aGBB9J8817$2bnb
=016  7\$a019033775$2Uk
=020  \\$a9789251099155$q(pbk)
=020  \\$a9251099154$q(pbk)
=035  \\$a(OCoLC)1013587179$z(OCoLC)1048880255$z(OCoLC)1051035449
=040  \\$aYDX$beng$cYDX$dTXA$dOCLCF$dIUL$dCOD$dMNU$dUY0$dSFB$dUk$erda
=042  \\$aukblcatcopy
=050  \4$aSB203$b.S54 2017
=082  04$a633.3$223
=100  1\$aSherasia, P. L.,$eauthor.
=245  10$aPulses and their by-products as animal feed /$cby P.L. Sherasia, M.R. Garg & B.M. Bhanderi ; edited by Teodardo Calles and Harinder P.S. Makkar.
=264  \1$aRome :$bFood and Agriculture Organization of the United Nations,$c2017.
=264  \4$c©2017
=300  \\$axiv, 204 pages :$bcolor illustrations ;$c25 cm
=336  \\$atext$btxt$2rdacontent
=337  \\$aunmediated$bn$2rdamedia
=338  \\$avolume$bnc$2rdacarrier
=500  \\$a"I7779EN/1/09.17"--Back cover.
=504  \\$aIncludes bibliographical references.
=505  0\$aIntroduction -- Beans -- Broad bean -- Pulses nes -- Bambara bean -- Pea -- Chickpea -- Cowpea -- Pigeon pea -- Lentil -- Common vetch -- Lupins -- A synthesis -- Major international research centres working on various pulse crops -- Global production of major pulse crops.
=520  \\$a"Humans have been using pulses, and legumes in general, for millennia. Pulses currently play a crucial role in sustainable development due to their nutritional, environmental and economic values. The United Nations General Assembly, at its 68th session, declared 2016 as the International Year of Pulses to further promote the use and value of these important crops. Pulses are an affordable source of protein, so their share in the total protein consumption in some developing countries ranges between 10 and 40 percent. Pulses, like legumes in general, have the important ability of biologically fixing nitrogen and some of them are able to utilize soil-bound phosphorus, thus they can be considered the cornerstone of sustainable agriculture. Pulses also play an important role in providing valuable products for animal feeding and thus indirectly contribute to food security. Pulse by-products are valuable sources of protein and energy for animals and they do not compete with human food. Available information on this subject has been collated and synthesized in this book, to highlight the nutritional role of pulses and their by-products as animal feed. This publication is one of the main contributions to the legacy of the International Year of Pulses. It aims to enhance the use of pulses and their by-products in those regions where many pulse by-products are simply dumped and will be useful for extension workers, researchers, feed industry, policy-makers and donors alike."--Publisher's description.
=530  \\$aAlso Available online.
=650  \0$aLegumes as feed.
=650  \0$aLegumes.
=650  \7$aLegumes.$2fast$0(OCoLC)fst00995927
=650  \7$aLegumes as feed.$2fast$0(OCoLC)fst00995972
=700  1\$aGarg, M. R.$q(Manget Ram),$eauthor.
=700  1\$aBhanderi, B. M.,$eauthor.
=700  1\$aCalles, Teodardo,$eeditor.
=700  1\$aMakkar, Harinder P. S.,$eeditor.
=710  2\$aFood and Agriculture Organization of the United Nations,$eissuing body.
=852  41$aBritish Library$bHMNTS$jOPB.2019.x.903
=856  41$uhttp://www.fao.org/3/a-i7779e.pdf.
=CAT  \\$a8337$b40$c20180829$lBLL01$h0910
=CAT  \\$aBATCH-016$c20180829$lBLL01$h2152
=CAT  \\$a9657$b40$c20191210$lBLL01$h1350
=FIN  \\$aY$d20191210
=FMT  \\$a  BK
=LAS  \\$a9657$b40$c20191210$lBLL01$h1350
=SID  \\$aZ39$bOCLC

