=LDR  02766 am a2200541 i 4500
=001  019033789
=003  Uk
=005  20200103210556.0
=008  171204s2017\\\\it\a\\\\\b\\\\000\0\eng\d
=015  \\$aGBB9J8311$2bnb
=016  7\$a019033789$2Uk
=020  \\$a9789251099124$q(pbk)
=020  \\$a925109912X$q(pbk)
=035  \\$a(OCoLC)1013592568
=040  \\$aYDX$beng$cYDX$dTXA$dORE$dCOD$dUIU$dOCLCF$dUk$erda
=042  \\$aukblcatcopy
=050  \4$aHD1251$b.P88 2017
=082  04$a333.3$222
=245  00$aPutting the voluntary guidelines on tenure into practice :$ba learning guide for civil society organizations.
=246  30$aLearning guide for civil society organizations
=264  \1$aRome :$bFood and Agriculture Organization of the United Nations and FIAN International,$c2017.
=300  \\$aviii, 91 pages :$bcolor illustrations ;$c27 cm
=336  \\$atext$btxt$2rdacontent
=336  \\$astill image$bsti$2rdacontent
=337  \\$aunmediated$bn$2rdamedia
=338  \\$avolume$bnc$2rdacarrier
=504  \\$aIncludes bibliographical references.
=520  \\$a"This online guide for trainers and facilitators in Civil Society Organizations presents a methodology and a set of materials to enhance capacities on the "Voluntary Guidelines on the Responsible governance of Tenure of Land, Fisheries and Forests in the context of National Food security". It is based on "A learning guide for Civil Society Organizations", which provides all the information needed by trainers to deliver the learning programme on the Voluntary Guidelines. This online guide aims to make this information widely available and easily accessible through a range of devices, from desktop computers to laptops, tablets and smartphones."--Publisher's description.
=530  \\$aAlso available online.
=650  \0$aLand tenure$xStudy and teaching.
=650  \0$aFisheries$xOwnership$xStudy and teaching.
=650  \0$aForests and forestry$xOwnership$xStudy and teaching.
=650  \7$aLand tenure$xStudy and teaching.$2fast$0(OCoLC)fst00991413
=690  7\$aManagement and Business Studies$2blcoll
=710  2\$aFood and Agriculture Organization of the United Nations,$eissuing body.
=710  2\$aFoodFirst Information & Action Network,$eissuing body.
=852  41$aBritish Library$bHMNTS$jOPB.2019.x.895
=856  41$uhttp://www.fao.org/3/a-i7763e.pdf
=CAT  \\$a8337$b40$c20180829$lBLL01$h0924
=CAT  \\$aBATCH-016$c20180829$lBLL01$h2152
=CAT  \\$a9657$b40$c20191205$lBLL01$h1428
=CAT  \\$aBATCH-MBS$c20191220$lBLL01$h2145
=CAT  \\$aBATCH-MBS$c20191227$lBLL01$h2125
=CAT  \\$aBATCH-MBS$c20200103$lBLL01$h2105
=FIN  \\$aY$d20191205
=FMT  \\$a  BK
=LAS  \\$aBATCH-MBS$b00$c20200103$lBLL01$h2105
=SID  \\$aZ39$bOCLC

