=LDR  03749 am a2200493 i 4500
=001  019033844
=003  Uk
=005  20191210112033.0
=008  171227s2017\\\\it\ab\\\\b\\\i000\0\eng\d
=015  \\$aGBB9J8795$2bnb
=016  7\$a019033844$2Uk
=020  \\$a9789251300145$q(pbk.)
=020  \\$a9251300143$q(pbk.)
=035  \\$a(OCoLC)1016394983
=040  \\$aYDX$beng$cYDX$dTXA$dOCLCF$dORE$dUIU$dIUL$dU3G$dAU@$dNRC$dOCLCQ$dUk$erda
=042  \\$aukblcatcopy
=050  \4$aTC409$b.W65 2017
=082  04$a333.91$222
=100  1\$aWolter, Petra,$eauthor.
=245  10$aWatershed management in action :$blessons learned from FAO field projects /$cprepared by Petra Wolter under the overall guidance and technical supervision of Thomas Hofer, Team Leader, Water and Mountains, in the FAO Forestry Department.
=264  \1$aRome :$bFood and Agriculture Organization of the United Nations,$c2017.
=300  \\$axiii, 154 pages :$bcolor illustrations, color maps ;$c30 cm
=336  \\$atext$btxt$2rdacontent
=336  \\$astill image$bsti$2rdacontent
=336  \\$acartographic image$bcri$2rdacontent
=337  \\$aunmediated$bn$2rdamedia
=338  \\$avolume$bnc$2rdacarrier
=500  \\$aStatement of responsibility appears in Acknowledgements.
=504  \\$aIncludes bibliographical references (pages 112-114).
=505  0\$aMachine generated contents note: 1. Setting The Scene -- Global challenges and the need for integrated approaches -- Watershed management as an integrated landscape management approach -- FAO's work on watershed management since 2006 -- About the study -- Projects included in the study -- 2. Enabling Environment For Watershed Management -- Policy, legal and regulatory framework -- Institutional dialogue and collaboration -- Capacity development -- Capitalizing on experience and communicating results -- Finance and investment for watershed management -- 3. Selection Of The Area For Local Interventions -- Type of management unit -- Size and number of selected watersheds -- Selection of watersheds: process and criteria -- 4. From Project Beneficiaries To Watershed Stakeholders -- Identifying beneficiaries and target groups -- Mobilizing stakeholders -- 5. Assessment Of The State And Trends In The Watershed -- Actors involved -- Assessment strategies, processes and tools.
=505  0\$aNote continued: Collecting the right information for use in watershed management planning -- 6. From Problem Analysis To Potential Solutions And A Territorial Vision -- Identifying areas for intervention -- Analysing problems and identifying solutions -- Priority setting -- 7. The Watershed Management Plan -- Formulation -- Validation -- 8. Implementation -- Implementation of the watershed management plan -- Implementation of area-based activities -- 9. Watershed Monitoring -- Establishing a monitoring system -- Selecting appropriate indicators -- 10. Conclusions And The Way Forward -- Building on global momentum: relevance of watershed management in addressing major global challenges -- Issues for the future -- REFERENCES -- ANNEXES -- Annex 1 Glossary -- Annex 2 List of project documents -- Annex 3 Further reading.
=530  \\$aAlso available online.
=650  \0$aWatershed management.
=650  \7$aWatershed management.$2fast$0(OCoLC)fst01172716
=710  2\$aFood and Agriculture Organization of the United Nations,$eissuing body.
=852  41$aBritish Library$bHMNTS$jOPB.2019.x.902
=856  41$uhttp://www.fao.org/3/a-i8087e.pdf
=CAT  \\$a8337$b40$c20180829$lBLL01$h1111
=CAT  \\$aBATCH-016$c20180829$lBLL01$h2152
=CAT  \\$a9657$b40$c20191210$lBLL01$h1120
=FIN  \\$aY$d20191210
=FMT  \\$a  BK
=LAS  \\$a9657$b40$c20191210$lBLL01$h1120
=SID  \\$aZ39$bOCLC

