=LDR  02835 am a2200565 i 4500
=001  019033872
=003  Uk
=005  20191217113006.0
=008  171204s2017\\\\it\a\\\\\b\\\i000\0\eng\d
=015  \\$aGBB9K0369$2bnb
=016  7\$a019033872$2Uk
=020  \\$a9789251098967$qpaperback
=020  \\$a9251098964$qpaperback
=035  \\$a(OCoLC)1013584787
=040  \\$aYDX$beng$cYDX$dTXA$dORE$dUIU$dOCLCF$dIUL$dUk$erda
=042  \\$aukblcatcopy
=050  \4$aHD108.6$b.Z53 2017
=082  04$a333.73$222
=100  1\$aZiadat, Feras,$eauthor.
=245  10$aLand resource planning for sustainable land management :$bcurrent and emerging needs in land resource planning for food security, sustainable livelihoods, integrated landscape management and restoration /$cby Feras Ziadat, Sally Bunning and Eddy De Pauw with contributions from Freddy Nachtergaele [and eight others].
=246  30$aCurrent and emerging needs in land resource planning for food security, sustainable livelihoods, integrated landscape management and restoration
=264  \1$aRome, Italy :$bFood and Agriculture Organization of the United Nations,$c[2017]
=300  \\$ax, 55 pages :$bcolor illustrations ;$c25 cm.
=336  \\$atext$btxt$2rdacontent
=337  \\$aunmediated$bn$2rdamedia
=338  \\$avolume$bnc$2rdacarrier
=490  1\$aLand and water division working paper ;$v14
=500  \\$a"A review of needs at various scales for tools and processes that can help countries and stakeholders meet emerging challenges, address increasing degradation of and competition for resources, support the sustainable use and restoration of land and water resources, and ensure resilient ecosystems."--Title page.
=504  \\$aIncludes bibliographical references (pages 34-37).
=530  \\$aAlso available online.
=650  \0$aLand use$xPlanning.
=650  \0$aSustainable development.
=650  \0$aConservation of natural resources.
=650  \7$aConservation of natural resources.$2fast$0(OCoLC)fst00875502
=650  \7$aLand use$xPlanning.$2fast$0(OCoLC)fst00991528
=650  \7$aSustainable development.$2fast$0(OCoLC)fst01139731
=700  1\$aBunning, Sally,$eauthor.
=700  1\$aDe Pauw, Eddy,$eauthor.
=710  2\$aFood and Agriculture Organization of the United Nations,$eissuing body.
=830  \0$aWorking paper (Food and Agriculture Organization of the United Nations. Land and Water Development Division) ;$v14.
=852  41$aBritish Library$bHMNTS$jOPB.2019.x.910
=856  40$uhttp://www.fao.org/3/a-i5937e.pdf
=CAT  \\$a8337$b40$c20180829$lBLL01$h1152
=CAT  \\$aBATCH-016$c20180829$lBLL01$h2152
=CAT  \\$a9657$b40$c20191216$lBLL01$h1349
=CAT  \\$a5100$b40$c20191217$lBLL01$h1130
=FIN  \\$aY$d20191216
=FMT  \\$a  BK
=LAS  \\$a5100$b40$c20191217$lBLL01$h1130
=SID  \\$aZ39$bOCLC

