=LDR  03118 am a2200565 i 4500
=001  019033913
=003  Uk
=005  20191216132544.0
=008  171204t20172017it\a\\\\\b\\\i000\0\eng\d
=015  \\$aGBB9K0362$2bnb
=016  7\$a019033913$2Uk
=020  \\$a9789251098646$q(pbk)
=020  \\$a9251098646$q(pbk)
=035  \\$a(OCoLC)1013590998
=040  \\$aYDX$beng$cYDX$dTXA$dOCLCF$dCUY$dCOD$dIUL$dORE$dUIU$dSFB$dOCLCA$dUk$erda
=042  \\$aukblcatcopy
=050  \4$aHD9000.6$b.K375 2017
=082  04$a338.19$222
=100  1\$aKelly, Siobhan$c(Economist),$eauthor.
=245  10$aLeveraging institutional food procurement for linking small farmers to markets :$bfindings from WFP's Purchase for Progress initiative and Brazil's food procurement programmes /$cby Siobhan Kelly and Luana F.J. Swensson.
=264  \1$aRome :$bFood and Agriculture Organization of the United Nations,$c[2017]
=264  \4$c©2017
=300  \\$axiii, 101 pages :$bcolor illustrations ;$c30 cm.
=336  \\$atext$btxt$2rdacontent
=336  \\$astill image$bsti$2rdacontent
=337  \\$aunmediated$bn$2rdamedia
=338  \\$avolume$bnc$2rdacarrier
=490  1\$aFAO agricultural development economics technical study,$x2521-7240 ;$v1
=504  \\$aIncludes bibliographical references (pages 93-101).
=505  0\$aIntroduction -- Institutional food procurement programmes -- Laying the foundations for IFPPs : the role of policies, institutions and legal frameworks -- Inclusive procurement models for public institutions -- Supply -- Looking for results : impact and sustainability of IFPPs -- Findings and recommendations : a framework for building an IFPP.
=520  \\$aThe paper discusses the policy and legislative frameworks that need to be in place to make IFPPs (Institutional Food Procurement Programmes) work, the reforms required and the transformative changes that institutions need to adapt in order to procure food from small farmers and rural food enterprises. Guidance on developing capacity building strategies suitable for suppliers targeting formal institutions is also provided. --Authors' description.
=530  \\$aAlso available online.
=650  \0$aFood supply$xGovernment policy.
=650  \0$aFood industry and trade$xGovernment policy.
=650  \0$aGovernment purchasing of food.
=650  \7$aFood industry and trade$xGovernment policy.$2fast$0(OCoLC)fst00930886
=650  \7$aFood supply$xGovernment policy.$2fast$0(OCoLC)fst00931206
=650  \7$aGovernment purchasing of food.$2fast$0(OCoLC)fst00945578
=700  1\$aSwensson, Luana F. J.,$eauthor.
=710  2\$aFood and Agriculture Organization of the United Nations,$eissuing body.
=830  \0$aFAO agricultural development economics technical study ;$v1.
=852  41$aBritish Library$bHMNTS$jOPB.2019.x.908
=856  41$uhttp://www.fao.org/3/a-i7636e.pdf
=CAT  \\$a8337$b40$c20180829$lBLL01$h1219
=CAT  \\$aBATCH-016$c20180829$lBLL01$h2152
=CAT  \\$a9657$b40$c20191216$lBLL01$h1325
=FIN  \\$aY$d20191216
=FMT  \\$a  BK
=LAS  \\$a9657$b40$c20191216$lBLL01$h1325
=SID  \\$aZ39$bOCLC

