=LDR  02713 am a2200601 i 4500
=001  019033923
=003  Uk
=005  20191216132200.0
=008  171227t20172017it\a\\\\\b\\\i100\0\eng\d
=015  \\$aGBB9K0360$2bnb
=016  7\$a019033923$2Uk
=020  \\$a9789251098325$qpbk
=020  \\$a9251098328$qpbk
=035  \\$a(OCoLC)1016919164
=040  \\$aYDX$beng$cYDX$dTXA$dOCLCF$dORE$dIUL$dUIU$dIUL$dOCLCA$dUk$erda
=042  \\$aukblcatcopy
=043  \\$amm-----
=050  \4$aTX360.M37$bF36 2017
=082  04$a363.8091822$222
=111  2\$aDevelopment of Voluntary Guidelines for the Sustainability of the Mediterranean Diet in the Mediterranean Region (Workshop)$d(2017 :$cValenzano, Italy)$jauthor.
=245  10$aDevelopment of voluntary guidelines for the sustainability of the Mediterranean diet in the Mediterranean region :$bproceedings of a technical workshop, 14-15 March 2017, CIHEAM-Bari, Valenzano (Bari) /$cedited by: Alexandre Meybeck, Suzanne Redfern, Fatima Hachem, Roberto Capone, Sandro Dernini.
=264  \1$aRome :$bFood and Agriculture Organization of the United Nations,$c[2017]
=264  \4$c©2017
=300  \\$avii, 141 pages :$bcolor illustrations ;$c25 cm
=336  \\$atext$btxt$2rdacontent
=337  \\$aunmediated$bn$2rdamedia
=338  \\$avolume$bnc$2rdacarrier
=504  \\$aIncludes bibliographical references.
=650  \0$aDiet$zMediterranean Region$vCongresses.
=650  \0$aFood supply$zMediterranean Region$vCongresses.
=650  \0$aFood security$zMediterranean Region$vCongresses.
=650  \7$aDiet.$2fast$0(OCoLC)fst00893284
=650  \7$aFood security.$2fast$0(OCoLC)fst01748879
=650  \7$aFood supply.$2fast$0(OCoLC)fst00931196
=651  \7$aMediterranean Region.$2fast$0(OCoLC)fst01239752
=655  \7$aConference papers and proceedings.$2fast$0(OCoLC)fst01423772
=700  1\$aMeybeck, Alexandre,$eeditor.
=700  1\$aRedfern, Suzanne$c(Consultant at FAO),$eeditor.
=700  1\$aHachem, Fatima,$eeditor.
=700  1\$aCapone, Roberto,$eeditor.
=700  1\$aDernini, Sandro,$d1949-$eeditor.
=710  2\$aFood and Agriculture Organization of the United Nations,$eissuing body,$esponsoring body.
=710  2\$aCentre international de hautes études agronomiques méditerranéennes,$esponsoring body.
=852  41$aBritish Library$bHMNTS$jOPB.2019.x.909
=856  41$uhttp://www.fao.org/3/a-i7557e.pdf
=CAT  \\$a8337$b40$c20180829$lBLL01$h1229
=CAT  \\$aBATCH-016$c20180829$lBLL01$h2152
=CAT  \\$a9657$b40$c20191216$lBLL01$h1322
=CAT  \\$aBATCH-UPD$b40$c20191216$lBLL01$h1322
=FIN  \\$aY$d20191216
=FMT  \\$a  BK
=LAS  \\$aBATCH-UPD$b40$c20191216$lBLL01$h1322
=SID  \\$aZ39$bOCLC

