=LDR  01996cam a2200529 i 4500
=001  019052337
=003  Uk
=005  20190213131709.0
=008  180430s2018\\\\it\ab\\\\b\\\|0|0\0|eng\d
=015  \\$aGBB931140$2bnb
=016  7\$a019052337$2Uk
=020  \\$a9251303592
=020  \\$a9789251303597
=035  \\$a(OCoLC)1032582346$z(OCoLC)1032675214
=040  \\$aYDX$beng$cYDX$dTXA$dOCLCF$dUIU$dUk$erda
=042  \\$aukblderived
=050  \4$aS589.75$b.I47 2018
=082  04$a338.19$223
=245  04$aThe impact of disasters and crises on agriculture and food security, 2017.
=264  \1$aRome :$bFood and Agriculture Organization of the United Nations,$c2018.
=300  \\$axix, 143 pages :$bcolor illustrations, color maps ;$c30 cm
=336  \\$atext$btxt$2rdacontent
=336  \\$astill image$bsti$2rdacontent
=336  \\$acartographic image$bcri$2rdacontent
=337  \\$aunmediated$bn$2rdamedia
=338  \\$avolume$bnc$2rdacarrier
=504  \\$aIncludes bibliographical references (pages 136-142).
=530  \\$aAlso available online.
=650  \0$aAgriculture$xEnvironmental aspects.
=650  \0$aFood security$xEnvironmental aspects.
=650  \0$aNatural disasters.
=650  \7$aAgriculture$xEnvironmental aspects.$2fast$0(OCoLC)fst00801499
=650  \7$aNatural disasters.$2fast$0(OCoLC)fst01033994
=690  7\$aManagement and Business Studies$2blcoll
=710  2\$aFood and Agriculture Organization of the United Nations,$epublisher.
=852  41$aBritish Library$bOC$jOPB.2018.x.393
=852  41$aBritish Library$bHMNTS$jOPB.2019.x.65
=856  41$uhttp://www.fao.org/3/I8656EN/i8656en.pdf
=CAT  \\$a11131$b40$c20180914$lBLL01$h1152
=CAT  \\$aBATCH-MBS$c20180921$lBLL01$h2140
=CAT  \\$aBATCH-016$c20181031$lBLL01$h2155
=CAT  \\$a8964$b40$c20190213$lBLL01$h1317
=CAT  \\$aW2308-1659$c20230923$lBLL01$h0958
=FIN  \\$aY$d20180914
=FMT  \\$a  BK
=LAS  \\$aW2308-1659$b00$c20230923$lBLL01$h0958
=SID  \\$aZ39$bOCLC

