=LDR  04406 am a2200601 i 4500
=001  019094564
=003  Uk
=005  20200410220427.0
=008  180430s2018\\\\it\ab\\\\b\\\i000\0\eng\d
=015  \\$aGBC037957$2bnb
=016  7\$a019094564$2Uk
=020  \\$a9789251303399$qpaperback
=020  \\$a9251303398$qpaperback
=035  \\$a(OCoLC)1032583873$z(OCoLC)1032658763$z(OCoLC)1054900773$z(OCoLC)1055260430$z(OCoLC)1055681497
=040  \\$aYDX$beng$cYDX$dTXA$dORE$dOCLCF$dUIU$dU3G$dTXA$dUk$erda
=042  \\$aukblcatcopy
=050  \4$aHD9000.5$bL63 2018
=082  04$a338.19$222
=100  1\$aLoconto, Allison,$eauthor.
=245  10$aConstructing markets for agroecology :$ban analysis of diverse options for marketing products from agroecology /$cby Loconto, A., Jimenez, A. & Vandecandelaere, E.
=264  \1$aRome :$bFood and Agriculture Organization of the United Nations ;$aParis :$bInstitut National de la Researche Agronomique,$c2018.
=300  \\$axiii, 197 pages :$billustrations (colour), 1 map (colour) ;$c30 cm
=336  \\$atext$btxt$2rdacontent
=336  \\$astill image$bsti$2rdacontent
=337  \\$aunmediated$bn$2rdamedia
=338  \\$avolume$bnc$2rdacarrier
=504  \\$aIncludes bibliographical references (pages 63-67).
=505  00$aMachine generated contents note:$gch. 1$tIntroduction --$g1.1.$tStudy background --$g1.2.$tPurpose and scope of the study --$g1.3.$tStudy limitations --$g1.4.$tTarget audience --$g1.5.$tKey definitions --$gch. 2$tMarkets for agroecology --$g2.1.$tElements of institutional contexts --$g2.2.$tCommon business models: community-focused action and participatory decision-making --$g2.2.1.$tCommunity embeddedness --$g2.2.2.$tParticipatory decision-making --$g2.2.3.$tInclusive initiatives --$g2.2.4.$tEfficient initiatives --$g2.3.$tDiversifying markets as a key strategy --$g2.3.1.$tEmerging markets for inputs --$g2.3.2.$tStrategic markets for agroecological products --$g2.4.$tCreating value --$g2.4.1.$tWhat is meant by agroecological food? --$g2.4.2.$tValuing a diverse diet and increased food security --$g2.4.3.$tWhat are the qualities of agroecological product? --$g2.4.4.$tHow is value communicated? --$g2.4.5.$tIs agroecological food priced fairly? --$gch. 3$tMoving towards agroecological food systems --$g3.1.$tNested market networks for agroecology --$g3.2.$tHow do participants perceive the future of these initiatives? --$g3.3.$tHow to change the scale of these initiatives? --$gch. 4$tConclusions --$gch. 5$tRecommendations --$tReferences --$tAnnexes --$g1.$tMethodology.
=520  \\$a"This study explores the extent to which products from agroecological production systems are being valued in markets. It is based on a meta-analysis of 12 case studies (Benin, the Plurinational State of Bolivia, Brazil, Chile, China, Colombia, Ecuador, France, Kazakhstan, Mozambique, Namibia, and Uganda), mainly from developing and emerging countries, as well as one developed country. The study provides a unique approach to understanding how markets are constructed for agroecological products while also supporting small-scale actors in their existing initiatives for producing and marketing their products from agroecology."
=530  \\$aAlso available online.
=650  \0$aProduce trade.
=650  \0$aFarm produce$xMarketing.
=650  \0$aAgricultural ecology.
=650  \7$aAgricultural ecology.$2fast$0(OCoLC)fst00800685
=650  \7$aFarm produce$xMarketing.$2fast$0(OCoLC)fst00921182
=650  \7$aProduce trade.$2fast$0(OCoLC)fst01078136
=690  7\$aManagement and Business Studies$2blcoll
=700  1\$aJimenez, Alejandra$c(Agricultural economist),$eauthor.
=700  1\$aVandecandelaere, Emilie,$eauthor.
=710  2\$aFood and Agriculture Organization of the United Nations,$eissuing body.
=710  2\$aInstitut national de la recherche agronomique (France),$eissuing body.
=852  41$aBritish Library$bHMNTS$jOPB.2020.x.69
=856  41$uhttp://www.fao.org/3/I8605EN/i8605en.pdf
=CAT  \\$a11373$b40$c20181022$lBLL01$h0942
=CAT  \\$a11373$b40$c20181022$lBLL01$h0943
=CAT  \\$aBATCH-016$c20181024$lBLL01$h2148
=CAT  \\$a6632$b40$c20200305$lBLL01$h1626
=CAT  \\$aBATCH-MBS$c20200403$lBLL01$h2120
=CAT  \\$aBATCH-MBS$c20200410$lBLL01$h2204
=FIN  \\$aY$d20200305
=FMT  \\$a  BK
=LAS  \\$aBATCH-MBS$b00$c20200410$lBLL01$h2204
=SID  \\$aZ39$bOCLC

