=LDR  04911 am a2200625 i 4500
=001  019094609
=003  Uk
=005  20200410220427.0
=008  171227s2017\\\\et\abd\\\b\\\i000\0\eng\d
=015  \\$aGBC037962$2bnb
=016  7\$a019094609$2Uk
=020  \\$a9789251099001$qpaperback
=020  \\$a9251099006$qpaperback
=035  \\$a(OCoLC)1016940852
=040  \\$aYDX$beng$cYDX$dTXA$dIUL$dOCLCF$dU3G$dOCL$dSFB$erda
=042  \\$aukblcatcopy
=043  \\$afe-----
=050  \4$aS589.76.A354$bB34 2017
=082  04$a338.14096$223
=100  1\$aBahal'okwibale, Patrick M.,$eauthor.
=245  10$aMainstreaming climate-related disaster risk reduction in agriculture and food sectors in eastern Africa :$banalytical report /$cby Patrick M. Bahal'okwibale.
=264  \1$aAddis Ababa :$bFood and Agriculture Organization of the United Nations,$c2017.
=300  \\$axiii, 63 pages :$bcolor illustrations, color maps, charts ;$c30 cm
=336  \\$atext$btxt$2rdacontent
=337  \\$aunmediated$bn$2rdamedia
=338  \\$avolume$bnc$2rdacarrier
=500  \\$a"I7719EN/1/10.17"--Back cover.
=504  \\$aIncludes bibliographical references (pages 52-59).
=505  00$aMachine generated contents note:$g1.$tIntroduction --$g1.1.$tDisasters synoptic --$g1.2.$tPrerequisites for disaster occurrence --$g2.$tClimatic impacts on eastern Africa livelihoods --$g2.1.$tMain livelihoods --$g2.2.$tPrevalent agro-ecologies --$g2.3.$tClimate-related vulnerabilities of the agriculture sector --$g2.3.1.$tSub-regional overview --$g2.3.1.$tCountry-specific vulnerabilities --$tBurundi --$tDjibouti --$tEthiopia --$tKenya --$tRwanda --$tSomalia --$tSouth Sudan --$tUganda --$g3.$tAgriculture-relevant approaches to reduce disaster risks --$g3.1.$tGlobal level --$g3.2.$tRegional level --$g3.3.$tSub-regional level --$g3.3.$tCountry level --$g3.3.1.$tBurundi --$g3.3.2.$tDjibouti --$g3.3.3.$tEthiopia --$g3.3.4.$tKenya --$g3.3.5.$tRwanda --$g3.3.6.$tSomalia --$g3.3.7.$tUganda --$g4.$tPathways to enhancing agriculture-related DRR --$g4.1.$tRelevance of DRR governance to agriculture and food sectors --$g4.2.$tOptions for enhancing DRR outcomes in eastern Africa --$g4.2.1.$tMaking early warning effective for early action in agriculture --$g4.2.2.$tAddressing population dynamics and constraints on natural resources --$g4.2.3.$tNeed for risk-informed and sector-specific disaster risk management plans --$g4.2.4.$tFinancial resource allocation and mobilization for DRR --$g4.2.5.$tLinking the development and humanitarian efforts --$g4.2.6.$tTranscending socio-cultural barriers --$g4.2.7.$tInfrastructure development and technology transfer --$g5.$tConclusions.
=520  \\$a"The eastern Africa sub-region has experienced recurrent climate-related impacts, with damaging effects on development, agriculture and food security. The frequency of events and the magnitude of impacts are rising; for example, since 1971 the number of people affected by drought has multiplied sevenfold. This report explores the natural potential and vulnerabilities of the sub-region's agro-ecologies, highlights institutional contexts for addressing disaster risks, and presents options to strengthen the climate resilience of agriculture and food sectors in the sub-region. Further support to disaster risk reduction in agriculture and food sectors is crucial; this includes addressing population dynamics and constraints on natural resources, making adequate financial resources available and ensuring infrastructure development." -- Back cover.
=530  \\$aAlso available online.
=650  \0$aAgriculture$xEnvironmental aspects$zAfrica, Eastern.
=650  \0$aFood security$xClimatic factors$zAfrica, Eastern.
=650  \0$aCrops and climate$zAfrica, Eastern.
=650  \0$aClimatic changes$xRisk management$zAfrica, Eastern.
=650  \0$aEnvironmental risk assessment$zAfrica, Eastern.
=650  \7$aAgriculture$xEnvironmental aspects.$2fast$0(OCoLC)fst00801499
=650  \7$aClimatic changes$xRisk management.$2fast$0(OCoLC)fst01766531
=650  \7$aCrops and climate.$2fast$0(OCoLC)fst00884075
=650  \7$aEnvironmental risk assessment.$2fast$0(OCoLC)fst00913451
=650  \7$aFood security$xClimatic factors.$2fast$0(OCoLC)fst01983436
=651  \7$aEastern Africa.$2fast$0(OCoLC)fst01696894
=690  7\$aManagement and Business Studies$2blcoll
=710  2\$aFood and Agriculture Organization of the United Nations,$eissuing body.
=852  41$aBritish Library$bHMNTS$jOPB.2020.x.67
=856  41$uhttp://www.fao.org/3/a-i7719e.pdf
=CAT  \\$a11373$b40$c20181022$lBLL01$h1121
=CAT  \\$aBATCH-016$c20181024$lBLL01$h2148
=CAT  \\$a6632$b40$c20200305$lBLL01$h1713
=CAT  \\$aBATCH-MBS$c20200403$lBLL01$h2120
=CAT  \\$aBATCH-MBS$c20200410$lBLL01$h2204
=FIN  \\$aY$d20200305
=FMT  \\$a  BK
=LAS  \\$aBATCH-MBS$b00$c20200410$lBLL01$h2204
=SID  \\$aZ39$bOCLC

