=LDR  01958 am a22005297a 4500
=001  016383803
=003  Uk
=005  20140331084124.0
=008  130318s2012\\\\it\a\\\\\b\\\i000\0\eng\d
=015  \\$aGBB434848$2bnb
=016  7\$a016383803$2Uk
=020  \\$a9789251072677
=020  \\$a9251072671
=035  \\$a(OCoLC)830319492
=040  \\$aUDI$cUDI$dUDI$dOCLCO$dYDXCP$dAGL$dBTCTA$dYAM$dDEBSZ$dUk
=042  \\$aukblsr
=050  \4$aSH329.S87$bE24 2012
=070  0\$aSH329.S87$bE27 2012
=082  04$a333.956$223
=245  00$aEAF toolbox :$bthe ecosystem approach to fisheries.
=246  3\$aEcosystem approach to fisheries
=260  \\$aRome :$bFood and Agriculture Organization of the United Nations,$c2012.
=300  \\$a172 p. :$bcol. ill. ;$c24 cm.
=336  \\$atext$2rdacontent
=337  \\$aunmediated$2rdamedia
=338  \\$avolume$2rdacarrier
=500  \\$aSpiral bound.
=500  \\$a"This document represents a subset of the web-based version www.fao.org/fishery/eaf-net ... final editing and revision of this document were undertaken by Marcelo Vasconcellos and Claire Attwood"--T.p. verso.
=504  \\$aIncludes bibliographical references.
=650  \0$aSustainable fisheries.
=650  \0$aFishery management.
=650  \0$aFishery policy.
=700  1\$aVasconcellos, Marcelo,$d1971-
=700  1\$aAttwood, Claire.
=710  2\$aFood and Agriculture Organization of the United Nations.
=852  41$aBritish Library$bHMNTS$jOPB.2013.x.152
=852  41$aBritish Library$bHMNTS$jOPB.2014.x.103
=856  41$uhttp://www.fao.org/fishery/eaf-net/topic/166272/en
=CAT  \\$a10904$b40$c20130513$lBLL01$h0851
=CAT  \\$a8964$b40$c20140328$lBLL01$h1532
=CAT  \\$a8964$b40$c20140328$lBLL01$h1540
=CAT  \\$a8964$b40$c20140331$lBLL01$h0841
=CAT  \\$aWR16_021$c20160708$lBLL01$h1818
=FIN  \\$aY$d20130513
=FMT  \\$a  BK
=LAS  \\$aWR16_021$b00$c20160708$lBLL01$h1818
=SID  \\$aZ39$bOCLC

