=LDR  04952cam a22008291a 4500
=001  015114935
=003  Uk
=005  20221231222900.0
=008  100215s2008\\\\it\ab\\\\b\\\\000|0\eng|\
=015  \\$aGBB035063$2bnb
=016  7\$a015114935$2Uk
=020  \\$a9789251061572 (pbk.) :$cNo price
=020  \\$a9251061572 (pbk.) :$cNo price
=035  \\$a(OCoLC)318115864
=040  \\$aStDuBDS$beng$cStDuBDS
=042  \\$aukblsr
=050  \4$aSH331$b.F331 no. 522
=082  04$a338.3727$222
=245  00$aWorldwide review of bottom fisheries in the high seas /$cby Alexis Bensch ... [et al.].
=260  \\$aRome :$bFood and Agriculture Organization of the United Nations,$c2008.
=300  \\$aviii, 145 p. :$bill. (some col.), col. maps ;$c30 cm.
=336  \\$atext$2rdacontent
=337  \\$aunmediated$2rdamedia
=338  \\$avolume$2rdacarrier
=490  0\$aFAO fisheries and aquaculture technical paper ;$v522
=504  \\$aIncludes bibliographical references.
=520  3\$aThe Worldwide review of bottom fisheries in the high seas provides states and other interested parties with a summary of the current status of high seas bottom fisheries worldwide based on the best information available, including responses to an FAO questionnaire sent to high seas fishing states, the European Community and relevant regional fisheries management organizations. It contains reviews of bottom fisheries in the high seas in the following regions: the North East and North West Atlantic, the Mediterranean, the South East and South West Atlantic, the North and South Pacific, the Indian Ocean and the Southern Ocean. Fisheries are described in terms of fleets, catch and effort, and main species caught, with due consideration being given to the location of fishing activities. This document was prepared in response to the request by the FAO Committee on Fisheries (COFI) and related consideration of the issue of bottom fisheries on the high seas by the United Nations General Assembly in Resolution 61/105 on Sustainable Fisheries adopted in December 2006. It also aims at assisting in the implementation of the FAO International Guidelines for the Management of Deep-sea Fisheries in the High Seas by providing background information and highlighting gaps in the available data. According to the findings of this review, 285 vessels were active in the high seas bottom fisheries worldwide in 2006. The total catch of this fleet has been estimated to about 250 000 tonnes valued at EUR 450 million (landed value). For various reasons discussed in the report, these are to be considered minimal estimates.
=530  \\$aAlso available online.
=540  \\$aCurrent Copyright Fee: GBP25.00$c0$5Uk
=650  \0$aGroundfish fisheries.
=690  7\$aManagement and Business Studies$2blcoll
=700  1\$aBensch, Alexis.
=710  2\$aFood and Agriculture Organization of the United Nations.
=830  \0$aFAO fisheries and aquaculture technical paper ;$v522.
=852  41$aBritish Library$bDSC$j3865.629400$ino.522
=852  41$aBritish Library$bHMNTS$jOPD.2010.x.13
=856  41$uhttp://www.fao.org/docrep/011/i0540e/i0540e00.htm
=985  \\$aNETCAT record
=ACF  \\$aPrevious Copyright Fee: GBP12.30$c0$e01-jan-2014$fGBP12.30$g0$hA$5Uk
=ACF  \\$aPrevious Copyright Fee: GBP15.00$c0$e01-jan-2017$fGBP15.00$g0$hA$5Uk
=ACF  \\$aPrevious Copyright Fee: GBP20.00$c0$e01-jan-2020$fGBP20.00$g0$hA$5Uk
=CAT  \\$a9504$b40$c20090420$lBLL01$h1128
=CAT  \\$a12327$b40$c20090428$lBLL01$h0837
=CAT  \\$aBATCH-UPD$b40$c20100126$lBLL01$h0930
=CAT  \\$aBATCH-SURR$b00$c20100304$lBLL01$h2135
=CAT  \\$aBATCH$b00$c20100304$lBLL01$h2136
=CAT  \\$aBATCH-UPD$b00$c20100304$lBLL01$h2249
=CAT  \\$aBATCH690$c20100715$lBLL01$h2112
=CAT  \\$aBATCH-MBS$c20100716$lBLL01$h2055
=CAT  \\$aBATCH-CLA$b00$c20150314$lBLL01$h0050
=CAT  \\$aWR16_021$c20160624$lBLL01$h1815
=CAT  \\$aBATCH-CLA$b00$c20160625$lBLL01$h0116
=CAT  \\$aBATCH-CLA$b00$c20161222$lBLL01$h1826
=CAT  \\$aIPL-CLA$c20161230$lBLL01$h2319
=CAT  \\$aBATCH-CLA$b00$c20171222$lBLL01$h2154
=CAT  \\$aIPL-CLA$c20171231$lBLL01$h1742
=CAT  \\$aBATCH-CLA$b00$c20191219$lBLL01$h1749
=CAT  \\$aIPL-CLA$c20191231$lBLL01$h2010
=CAT  \\$aR2001-1524$c20200127$lBLL01$h2043
=CAT  \\$aBATCH-CLA$b00$c20200128$lBLL01$h0455
=CAT  \\$aBATCH-CLA$b00$c20201204$lBLL01$h1557
=CAT  \\$aIPL-CLA$c20201231$lBLL01$h2302
=CAT  \\$aBATCH-CLA$b00$c20221221$lBLL01$h1911
=CAT  \\$aIPL-CLA$c20221231$lBLL01$h2229
=CFI  0\$aCurrent Copyright Fee: GBP25.00$c0$e01-jan-2023$fGBP25.00$g0$hA$5Uk
=CFI  2\$aPrevious Copyright Fee: GBP22.50$c0$e01-jan-2021$fGBP22.50$g0$hA$5Uk
=FIN  \\$aY$d20100304
=FMT  \\$a  BK
=LAS  \\$aIPL-CLA$b00$c20221231$lBLL01$h2229
=SID  \\$aZ39$bOCLC
=SRC  \\$aNETCAT$bnetcatprn.20100304
=TCO  \\$aITA$bAIDRO / SIAE$c008

