=LDR  02565cam a2200625 i 4500
=001  016549896
=003  Uk
=005  20150413104645.0
=008  131118s2013\\\\it\a\\\\\b\\\\100\0\eng\d
=015  \\$aGBB543697$2bnb
=016  7\$a016549896$2Uk
=020  \\$a9789251078495 (print)
=020  \\$a9251078491 (print)
=020  \\$z9789251078501 (PDF)
=020  \\$z9251078505 (PDF)
=035  \\$a(OCoLC)863154615
=040  \\$aNLGGC$bdut$cNLGGC$dUk$erda
=042  \\$aukblsr
=082  04$a641.392$223$qUK-WkNB
=245  00$aJoint FAO/WHO expert meeting on the public health risks of histamine and other biogenic amines from fish and fishery products :$b23-27 July 2012, FAO Headquarters, Rome, Italy.
=246  30$aPublic health risks of histamine and other biogenic amines from fish and fishery products
=260  \\$aRome :$bFood and Agriculture Association of the United Nations,$c[2013]
=300  \\$ax, 126 pages :$billustrations (black and white) ;$c25 cm.
=336  \\$atext$2rdacontent
=337  \\$aunmediated$2rdamedia
=338  \\$avolume$2rdacarrier
=490  1\$aMeeting report
=504  \\$aIncludes bibliographical references.
=530  \\$aAlso published electronically.
=650  \0$aFish as food$xAnalysis$vCongresses.
=650  \0$aFishery products$xRisk assessment$vCongresses.
=650  \0$aHistamine$xRisk assessment$vCongresses.
=650  \0$aBiogenic amines$xRisk assessment$vCongresses.
=710  2\$aFood and Agriculture Organization of the United Nations.
=710  2\$aWorld Health Organization.
=830  \0$aMeeting report (Food and Agriculture Organization of the United Nations)
=852  41$aBritish Library$bHMNTS$jOPC.2015.x.36
=852  41$aBritish Library$bHMNTS$jOPB.2013.x.353
=856  4\$uhttp://www.fao.org/fileadmin/user_upload/agns/pdf/Histamine/Histamine_AdHocfinal.pdf
=985  \\$aCorrected by MS generated file for WR# 14.056
=CAT  \\$a11002$b40$c20131122$lBLL01$h1216
=CAT  \\$a11168$b40$c20131128$lBLL01$h0918
=CAT  \\$a11168$b40$c20131128$lBLL01$h0919
=CAT  \\$a5883$b40$c20131218$lBLL01$h1554
=CAT  \\$a5883$b40$c20131219$lBLL01$h0849
=CAT  \\$aBLSS-CORR$b00$c20140519$lBLL01$h1857
=CAT  \\$a10883$b40$c20150413$lBLL01$h1045
=CAT  \\$a10883$b40$c20150413$lBLL01$h1046
=CAT  \\$aBATCH-UPD$b40$c20151001$lBLL01$h2208
=CAT  \\$aWR16_021$c20160709$lBLL01$h1822
=CAT  \\$aW2308-1659$c20230923$lBLL01$h1023
=FIN  \\$aY$d20131218
=FMT  \\$a  BK
=LAS  \\$aW2308-1659$b00$c20230923$lBLL01$h1023
=SID  \\$aZ39$bOCLC

