=LDR  02272 am a2200577 i 4500
=001  016593438
=003  Uk
=005  20150413072804.0
=008  131230t20132013it\a\\\\\b\\\\000\0\eng\d
=015  \\$aGBB543676$2bnb
=016  7\$a016593438$2Uk
=020  \\$a9789251079713 (print)
=020  \\$z9789251079294 (PDF)
=035  \\$a(OCoLC)866938074
=040  \\$aUk$beng$cUk$erda
=042  \\$aukblsr
=050  \4$aTD756.45$b.D4 2013
=070  0\$aTD756.45$b.D4 2013
=082  04$a628.354$223
=100  1\$aDe Groot, Lennart,$eauthor.
=245  10$aBioslurry = brown gold? :$ba review of scientific literature on the co-product of biogas production /$cLennart de Groot and Anne Bogdanski.
=264  \1$aRome :$bFood and Agriculture Organization of the United Nations,$c2013.
=264  \4$c©2013
=300  \\$aviii, 33 pages :$bcolor illustrations ;$c30 cm.
=336  \\$atext$2rdacontent
=337  \\$aunmediated$2rdamedia
=338  \\$avolume$2rdacarrier
=490  1\$aEnvironment and natural resources management working paper,$x2226-6062 ;$v55
=500  \\$a"I3441E/1/09.13"--Back cover.
=504  \\$aIncludes bibliographical references (page 25-31).
=530  \\$aAlso published electronically.
=650  \0$aSewage$xPurification$xAnaerobic treatment.
=650  \0$aSewage sludge$xEnvironmental aspects.
=650  \0$aWaste products as fertilizer.
=650  \0$aBiogas.
=650  \7$aBiogas.$2fast$0(OCoLC)fst00832073
=650  \7$aSewage$xPurification$xAnaerobic treatment.$2fast$0(OCoLC)fst01113765
=650  \7$aSewage sludge$xEnvironmental aspects.$2fast$0(OCoLC)fst01114033
=650  \7$aWaste products as fertilizer.$2fast$0(OCoLC)fst01171083
=700  1\$aBogdanski, Anne,$eauthor.
=710  2\$aFood and Agriculture Organization of the United Nations,$eissuing body.
=830  \0$aEnvironment and natural resources management working paper ;$v55.
=852  41$aBritish Library$bHMNTS$jOPB.2015.x.122
=856  40$uhttp://www.fao.org/docrep/018/i3441e/i3441e.pdf
=CAT  \\$a11029$b40$c20140103$lBLL01$h0901
=CAT  \\$a9671$b40$c20150413$lBLL01$h0728
=CAT  \\$aWR16_021$c20160713$lBLL01$h1804
=FIN  \\$aY$d20150413
=FMT  \\$a  BK
=LAS  \\$aWR16_021$b00$c20160713$lBLL01$h1804
=SID  \\$aZ39$bOCLC

