=LDR  01761 am a2200409 i 4500
=001  017131500
=003  Uk
=005  20150330130202.0
=008  141013s2014\\\\it\a\\\\\bs\\\000\0\eng\c
=020  \\$a9251085420
=020  \\$a9789251085424
=035  \\$a(OCoLC)892880370
=040  \\$aYDXCP$beng$cYDXCP$dBTCTA$dUIU$dUk$erda
=245  00$aState of food insecurity in the world 2014 :$bstrengthening the enabling environment for food security and nutrition /$cFood and Agriculture Organization of the United Nations.
=264  \1$aRome :$bFood and Agriculture Organization of the United Nations,$c2014.
=300  \\$a53 pages :$bcolor illustrations ;$c30 cm
=336  \\$atext$2rdacontent
=337  \\$aunmediated$2rdamedia
=338  \\$avolume$2rdacarrier
=500  \\$aAnalysis of Bolivia, Brazil, Haiti, Indonesia, Madagascar, Malawi, and Yemen.
=500  \\$aFold-out back cover.
=504  \\$aIncludes bibliographic references.
=505  0\$aUndernourishment around the world in 2014 -- Beyond undernourishment -- Strengthening the enabling environment to improve food security and nutrition -- Technical annex.
=650  \0$aFood security$xAnalysis.
=650  \0$aFood security$xStatistics.
=650  \0$aFood security$zDeveloping countries$vCase studies.
=710  2\$aFood and Agriculture Organization of the United Nations.
=710  2\$aInternational Fund for Agricultural Development.
=710  2\$aWorld Food Programme.
=852  41$aBritish Library$bHMNTS$jOPB.2015.x.93
=856  41$uhttp://www.fao.org/3/a-i4030e.pdf
=CAT  \\$a5703$b40$c20150330$lBLL01$h1302
=CAT  \\$aBATCH-UPD$b40$c20170525$lBLL01$h2141
=FIN  \\$aY$d20150330
=FMT  \\$a  BK
=LAS  \\$aBATCH-UPD$b40$c20170525$lBLL01$h2141
=SID  \\$aZ39$bOCLC

