=LDR  05409cam a22007217a 4500
=001  015301230
=003  Uk
=005  20230924065747.0
=008  090626s2009\\\\it\\\\\\\\\\\i100\0\eng\d
=020  \\$a9789251062340
=020  \\$a925106234X
=035  \\$a(OCoLC)416721002
=040  \\$aORE$cORE$dUk
=043  \\$aaz-----
=111  2\$aFAO/APFIC Regional Workshop on Port State Measures to Combat Illegal, Unreported and Unregulated Fishing for the South Asian Subregion$d(2009 :$cBangkok, Thailand)
=245  10$aReport of the FAO/APFIC Regional Workshop on Port State Measures to Combat Illegal, Unreported and Unregulated Fishing for the South Asian Subregion$bBangkok, 10-13 February 2009.
=260  \\$aRome :$bFood and Agriculture Organization of the United Nations,$c2009.
=300  \\$av, 43 p. ;$c30 cm.
=336  \\$atext$2rdacontent
=337  \\$aunmediated$2rdamedia
=338  \\$avolume$2rdacarrier
=490  1\$aFAO fisheries and aquaculture report ;$vno. 896
=500  \\$a"FIEL/R896 (En)"
=520  3\$aThis document contains the report of the FAO/APFIC Regional Workshop on Port State Measures to Combat Illegal, Unreported and Unregulated Fishing for the South Asian Subregion, which was held in Bangkok, Thailand, from 10 to 13 February 2009. The objective of the Workshop was to develop national capacity and promote bilateral, subregional and/or regional coordination so that countries would be better placed to strengthen and harmonize port State measures and, as a result, implement further the 2001 FAO International Plan of Action to Prevent, Deter and Eliminate Illegal, Unreported and Unregulated Fishing, the 2005 FAO Model Scheme on Port State Measures to Combat Illegal, Unreported and Unregulated Fishing and the Chairperson's Draft Agreement on Port State Measures to Prevent, Deter and Eliminate Illegal, Unreported and Unregulated Fishing, if and when it enters into force. The Workshop addressed: the background and framework for port State measures; subregional and regional approaches to illegal, unreported and unregulated fishing and the implementation of port State measures; the Chairperson's Draft Agreement and the role of the Asia Pacific Fishery Commission; national coordination and implementation of port State measures, and perspectives on port State measures, including responses to the FAO questionnaire that was circulated prior to the Workshop to collect information relating to port State measures in the South Asian subregion. Working groups were formed to enhance the participatory nature of the Workshop and as a means of engendering broader and deeper discussion on concepts and issues relating to port State measures. In the first exercise, participants addressed multidisciplinary aspects of port State measures, and in the second exercise, thematic issues were considered. The final session of the Workshop entitled "Looking ahead: and agenda for the subregion on port State measures" sought to identify key issues to be addressed by countries after the Workshop. Funding and support for the Workshop were provided by the FAO Regular Programme and by the Governments of Norway, Sweden and the United States of America.
=540  \\$aCurrent Copyright Fee: GBP25.00$c0$5Uk
=591  \\$aReport.
=650  \0$aFishery law and legislation$zSouth Asia.
=650  \0$aPoaching$zSouth Asia$xPrevention.
=650  \0$aFishery management, International$zSouth Asia.
=710  2\$aFood and Agriculture Organization of the United Nations.
=830  \0$aFAO fisheries and aquaculture report ;$vno. 896.
=852  41$aBritish Library$bDSC$j3865.629375$ino.896
=856  10$uftp://ftp.fao.org/docrep/fao/011/i0763e/i0763e00.pdf
=945  \\$aFAO fisheries and aquaculture report, ISSN 2070-6987 ; no 896 2009
=ACF  \\$aPrevious Copyright Fee: GBP12.30$c0$e01-jan-2014$fGBP12.30$g0$hA$5Uk
=ACF  \\$aPrevious Copyright Fee: GBP15.00$c0$e01-jan-2017$fGBP15.00$g0$hA$5Uk
=ACF  \\$aPrevious Copyright Fee: GBP20.00$c0$e01-jan-2020$fGBP20.00$g0$hA$5Uk
=CAT  \\$a9504$b40$c20090630$lBLL01$h1202
=CAT  \\$a8962$b40$c20090702$lBLL01$h1035
=CAT  \\$aBATCH-UPD$b40$c20110911$lBLL01$h2019
=CAT  \\$aBATCH-UPD$b40$c20120819$lBLL01$h2251
=CAT  \\$aBATCH-CLA$b00$c20140906$lBLL01$h0955
=CAT  \\$aBATCH-CLA$b00$c20161222$lBLL01$h1829
=CAT  \\$aIPL-CLA$c20161230$lBLL01$h2333
=CAT  \\$aBATCH-CLA$b00$c20171222$lBLL01$h2158
=CAT  \\$aIPL-CLA$c20171231$lBLL01$h1753
=CAT  \\$aBATCH-CLA$b00$c20191219$lBLL01$h1752
=CAT  \\$aIPL-CLA$c20191231$lBLL01$h2018
=CAT  \\$aR2001-1524$c20200127$lBLL01$h2045
=CAT  \\$aBATCH-CLA$b00$c20200128$lBLL01$h0455
=CAT  \\$aBATCH-CLA$b00$c20201204$lBLL01$h1602
=CAT  \\$aIPL-CLA$c20201231$lBLL01$h2316
=CAT  \\$aBATCH-CLA$b00$c20221221$lBLL01$h1917
=CAT  \\$aIPL-CLA$c20221231$lBLL01$h2242
=CAT  \\$aW2308-1659$c20230923$lBLL01$h1043
=CAT  \\$aBATCH-CLA$b00$c20230924$lBLL01$h0657
=CFI  0\$aCurrent Copyright Fee: GBP25.00$c0$e01-jan-2023$fGBP25.00$g0$hA$5Uk
=CNF  \\$aFAO/APFIC Regional Workshop on Port State Measures to Combat Illegal, Unreported and Unregulated Fishing for the South Asian Subregion$d(2009 :$cBangkok, Thailand)
=FIN  \\$aY$d20090702
=FMT  \\$a  BK
=LAS  \\$aBATCH-CLA$b00$c20230924$lBLL01$h0657
=SID  \\$aZ39$bOCLC
=TCO  \\$aITA$bAIDRO / SIAE$c008

