=LDR  03570cam a22007217a 4500
=001  015499112
=003  Uk
=005  20230924065736.0
=008  100203s2009\\\\it\a\\\\\bt\\\000\0\eng\d
=020  \\$a9789251063934 (spiral binding)
=020  \\$a9251063931 (spiral binding)
=035  \\$a(OCoLC)503301456
=040  \\$aNz$cNZDUS$dUk
=042  \\$aukblderived
=082  \\$a639/.2/08 s$a623.82/8
=100  1\$aAnmarkrud, Thomas.
=245  10$aFishing boat construction.$n4.$pBuilding an undecked fibreglass reinforced plastic boat /$cby Thomas Anmarkrud.
=260  \\$aRome :$bFood and Agriculture Organization of the United Nations,$c2009.
=300  \\$av, 70 p. :$bcol. ill. ;$c30 cm.
=336  \\$atext$2rdacontent
=337  \\$aunmediated$2rdamedia
=338  \\$avolume$2rdacarrier
=490  1\$aFAO fisheries technical paper,$x2070-7010 ;$vno. 507
=500  \\$a"This manual has been developed from information collected during a post-tsunami rehabilitation project of the Food and Agriculture Organization of the United Nations (FAO) funded by the Government of Japan and carried out in the Maldives after the 2004 Tsunami. The 4.4 m fibreglass boat featured in this manual is the MDV-1. It was developed cooperatively by FAO and the Maldives' Ministry of Fisheries and Marine Resources to replace the traditional wooden Bokkuras lost in the Tsunami. Oyvin Gulbrandsen, FAO consultant Naval Architect, was responsible for the final MDV-1 design." -- p. [iii].
=504  \\$aIncludes bibliographical references (p. 59-60).
=530  \\$aAlso available on the Web as a pdf file.
=540  \\$aCurrent Copyright Fee: GBP25.00$c0$5Uk
=650  \0$aFishing boats$xDesign and construction.
=710  2\$aFood and Agriculture Organization of the United Nations.
=740  0\$aBuilding an undecked fibreglass reinforced plastic boat.
=830  \0$aFAO fisheries technical paper ;$vno. 507.
=852  41$aBritish Library$bDSC$j3865.629400$ino. 507
=856  4\$uhttp://www.fao.org/docrep/012/i1108e/i1108e.pdf
=ACF  \\$aPrevious Copyright Fee: GBP12.30$c0$e01-jan-2014$fGBP12.30$g0$hA$5Uk
=ACF  \\$aPrevious Copyright Fee: GBP15.00$c0$e01-jan-2017$fGBP15.00$g0$hA$5Uk
=ACF  \\$aPrevious Copyright Fee: GBP20.00$c0$e01-jan-2020$fGBP20.00$g0$hA$5Uk
=CAT  \\$a9504$b40$c20100302$lBLL01$h1530
=CAT  \\$a8980$b40$c20100305$lBLL01$h1215
=CAT  \\$a8980$b40$c20131107$lBLL01$h1501
=CAT  \\$aBATCH-CLA$b00$c20131108$lBLL01$h0037
=CAT  \\$aBATCH-CLA$c20131220$lBLL01$h2107
=CAT  \\$aIPL-CLA$c20140101$lBLL01$h0128
=CAT  \\$aBATCH-CLA$b00$c20150314$lBLL01$h0050
=CAT  \\$aBATCH-CLA$b00$c20161222$lBLL01$h1830
=CAT  \\$aIPL-CLA$c20161230$lBLL01$h2340
=CAT  \\$aBATCH-CLA$b00$c20171222$lBLL01$h2201
=CAT  \\$aIPL-CLA$c20171231$lBLL01$h1759
=CAT  \\$aBATCH-CLA$b00$c20191219$lBLL01$h1754
=CAT  \\$aIPL-CLA$c20191231$lBLL01$h2022
=CAT  \\$aR2001-1524$c20200127$lBLL01$h2048
=CAT  \\$aBATCH-CLA$b00$c20200128$lBLL01$h0455
=CAT  \\$aBATCH-CLA$b00$c20201204$lBLL01$h1603
=CAT  \\$aIPL-CLA$c20201231$lBLL01$h2320
=CAT  \\$aBATCH-CLA$b00$c20221221$lBLL01$h1919
=CAT  \\$aIPL-CLA$c20221231$lBLL01$h2250
=CAT  \\$aW2308-1659$c20230923$lBLL01$h1053
=CAT  \\$aBATCH-CLA$b00$c20230924$lBLL01$h0657
=CFI  0\$aCurrent Copyright Fee: GBP25.00$c0$e01-jan-2023$fGBP25.00$g0$hA$5Uk
=FIN  \\$aY$d20100305
=FMT  \\$a  BK
=LAS  \\$aBATCH-CLA$b00$c20230924$lBLL01$h0657
=SID  \\$aZ39$bOCLC
=TCO  \\$aITA$bAIDRO / SIAE$c008

