=LDR  03565cam a22005537a 4500
=001  015503458
=003  Uk
=005  20230924064613.0
=008  090826s2009\\\\it\ab\\\\b\\\i000\0\eng\d
=020  \\$a9789251063163
=020  \\$a9251063168
=035  \\$a(OCoLC)435419552
=040  \\$aBTCTA$cBTCTA$dORE$dCOD$dGUA$dAGL$dUk
=042  \\$aukblderived
=043  \\$aaw-----
=070  0\$aTC913.5$b.I77 2009
=245  00$aIrrigation in the Middle East Region in figures :$bAQUASTAT survey - 2008 /$cedited by Karen Frenken.
=260  \\$aRome :$bFood and Agriculture Organization of the United Nations,$c2009.
=300  \\$axvi, 402 p. :$bcol. ill., col. maps ;$c30 cm.
=336  \\$atext$2rdacontent
=337  \\$aunmediated$2rdamedia
=338  \\$avolume$2rdacarrier
=490  1\$aFAO water reports ;$v34
=504  \\$aIncludes bibliographical references.
=505  2\$aPresentations of the survey. Introduction -- Country profiles -- Data collection, processing and reliability -- Glossary of terms used in this study -- Regional analysis. Composition of the Middle East region -- Geography, climate and population -- Economy, agriculture and food security -- Water resources -- Water withdrawal -- Irrigation and water management -- Cultivation in full/partial control irrigation schemes -- Trends in the last ten years -- Legislative and institutional framework of water management -- Environment and health -- Prospects for agricultural water management -- Description of four transboundary river basins -- Main sources of general information -- Country profiles. Armenia -- Azerbaijan -- Bahrain -- Georgia -- Iran (Islamic Republic of) -- Iraq -- Israel -- Jordan -- Kuwait -- Lebanon -- Occupied Palestinian territory -- Oman -- Qatar -- Saudi Arabia -- Syrian Arab Republic -- Turkey -- United Arab Emirates -- Yemen.
=520  \\$aThe AQUASTAT Program was initiated with a view to presenting a comprehensive picture of water resources and irrigation in the countries of Africa, Asia, Latin America and the Caribbean and providing systematic, up-to-date and reliable information on water for agriculture and rural development. This report presents the results of the most recent survey carried out in the 18 countries of the Middle East region, and it analyzes the changes that have occurred in the ten years since the first survey. It contains the detailed profiles on the situation in each country.--Publisher's description.
=530  \\$aAlso available online.
=540  \\$aCurrent Copyright Fee: GBP25.00$c0$5Uk
=650  \0$aIrrigation$zMiddle East.
=700  1\$aFrenken, Karen.
=710  2\$aFood and Agriculture Organization of the United Nations.
=830  \0$aWater reports ;$v34.
=852  41$aBritish Library$bDSC$j9273.379000$ino. 34
=856  41$uhttp://www.fao.org/docrep/012/i0936e/i0936e00.htm
=ACF  \\$aPrevious Copyright Fee: GBP20.00$c0$e01-jan-2020$fGBP20.00$g0$hA$5Uk
=CAT  \\$a7233$b40$c20100308$lBLL01$h1153
=CAT  \\$aBATCH-CLA$b00$c20200128$lBLL01$h0531
=CAT  \\$aBATCH-CLA$b00$c20201204$lBLL01$h1604
=CAT  \\$aIPL-CLA$c20201231$lBLL01$h2320
=CAT  \\$aBATCH-CLA$b00$c20221221$lBLL01$h1919
=CAT  \\$aIPL-CLA$c20221231$lBLL01$h2250
=CAT  \\$aW2308-1659$c20230923$lBLL01$h1053
=CAT  \\$aBATCH-CLA$b00$c20230924$lBLL01$h0646
=CFI  0\$aCurrent Copyright Fee: GBP25.00$c0$e01-jan-2023$fGBP25.00$g0$hA$5Uk
=FIN  \\$aY$d20100308
=FMT  \\$a  BK
=LAS  \\$aBATCH-CLA$b00$c20230924$lBLL01$h0646
=SID  \\$aZ39$bOCLC
=TCO  \\$aITA$bAIDRO / SIAE$c008

