=LDR  03912cam a22006497a 4500
=001  015733071
=003  Uk
=005  20221231230113.0
=008  101218s2009\\\\it\a\\\\\b\\\i000\0\eng\d
=020  \\$a9789251064191 (pbk.)
=020  \\$a9251064199 (pbk.)
=035  \\$a(OCoLC)693812506
=040  \\$aBTCTA$beng$cBTCTA$dORE$dUk
=042  \\$aukblderived
=245  00$aFish as feed inputs for aquaculture :$bpractices, sustainability and implications /$cedited by Mohammad R. Hasan and Matthias Halwart.
=260  \\$aRome :$bFood and Agriculture Organization of the United Nations,$c2009.
=300  \\$axvi, 407 p. :$bcol. ill. ;$c30 cm.
=336  \\$atext$2rdacontent
=337  \\$aunmediated$2rdamedia
=338  \\$avolume$2rdacarrier
=490  1\$aFAO fisheries and aquaculture technical paper ;$v518
=504  \\$aIncludes bibliographical references.
=520  3\$aThis technical paper provides a comprehensive review of the use of wild fish as feed inputs for aquaculture covering existing practices and their sustainability as well as implications of various feed-fish fisheries scenarios. It comprises four regional reviews (Africa and the Near East, Asia and the Pacific, Europe, and Latin America and North America) and three case studies from Latin America (Chile, Peru and the study on the use of the Argentine anchoita in Argentina, Uruguay and Brazil). The four regional reviews specifically address the sustainable use of finite wild fish resources and the role that feed-fish fisheries may play for food security and poverty alleviation in these four regions and elsewhere. With additional information from case studies in China and Viet Nam, a global synthesis provides a perspective on the status and trends in the use of fish as feed and the issues and challenges confronting feed-fish fisheries. Based on the information presented in the global synthesis, regional reviews and three case studies, and through the fresh analysis of information presented elsewhere, an exploratory paper examines the use of wild fish as aquaculture feed from the perspective of poverty alleviation and food security.
=530  \\$aAlso available on the World Wide Web.
=540  \\$aCurrent Copyright Fee: GBP25.00$c0$5Uk
=650  \0$aFish as feed.
=650  \0$aSustainable aquaculture.
=700  1\$aHasan, Mohammad R.
=700  1\$aHalwart, Matthias.
=710  2\$aFood and Agriculture Organization of the United Nations.
=830  \0$aFAO fisheries and aquaculture technical paper ;$v518.
=852  41$aBritish Library$bDSC$j3865.629400$ino. 518
=856  41$uhttp://www.fao.org/docrep/012/i1140e/i1140e00.htm
=ACF  \\$aPrevious Copyright Fee: GBP12.30$c0$e01-jan-2014$fGBP12.30$g0$hA$5Uk
=ACF  \\$aPrevious Copyright Fee: GBP15.00$c0$e01-jan-2017$fGBP15.00$g0$hA$5Uk
=ACF  \\$aPrevious Copyright Fee: GBP20.00$c0$e01-jan-2020$fGBP20.00$g0$hA$5Uk
=CAT  \\$a7164$b40$c20110117$lBLL01$h1419
=CAT  \\$aBATCH-CLA$b00$c20150314$lBLL01$h0050
=CAT  \\$aBATCH-CLA$b00$c20161222$lBLL01$h1832
=CAT  \\$aIPL-CLA$c20161230$lBLL01$h2350
=CAT  \\$aBATCH-CLA$b00$c20171222$lBLL01$h2206
=CAT  \\$aIPL-CLA$c20171231$lBLL01$h1805
=CAT  \\$aBATCH-CLA$b00$c20191219$lBLL01$h1756
=CAT  \\$aIPL-CLA$c20191231$lBLL01$h2026
=CAT  \\$aR2001-1524$c20200127$lBLL01$h2051
=CAT  \\$aBATCH-CLA$b00$c20200128$lBLL01$h0455
=CAT  \\$aBATCH-CLA$b00$c20201204$lBLL01$h1606
=CAT  \\$aIPL-CLA$c20201231$lBLL01$h2326
=CAT  \\$aBATCH-CLA$b00$c20221221$lBLL01$h1921
=CAT  \\$aIPL-CLA$c20221231$lBLL01$h2301
=CFI  0\$aCurrent Copyright Fee: GBP25.00$c0$e01-jan-2023$fGBP25.00$g0$hA$5Uk
=CFI  2\$aPrevious Copyright Fee: GBP22.50$c0$e01-jan-2021$fGBP22.50$g0$hA$5Uk
=FIN  \\$aY$d20110117
=FMT  \\$a  BK
=LAS  \\$aIPL-CLA$b00$c20221231$lBLL01$h2301
=SID  \\$aZ39$bOCLC
=TCO  \\$aITA$bAIDRO / SIAE$c008

