=LDR  03207cam a22007217a 4500
=001  015736132
=003  Uk
=005  20221231230120.0
=008  101110s2010\\\\it\a\\\\\b\\\\100\0\eng\d
=020  \\$a9789251065709 (pbk.)
=020  \\$a9251065705 (pbk.)
=035  \\$a(OCoLC)681488718
=040  \\$aBTCTA$beng$cBTCTA$dTXA$dORE$dUk
=042  \\$aukblderived
=043  \\$acc-----
=110  2\$aWECAFC Ad Hoc Flyingfish Working Group of the Eastern Caribbean.$bMeeting$n(3rd :$d2008 :$cMount Irvine, Trinidad and Tobago)
=245  10$aReport of the Third Meeting of the WECAFC Ad Hoc Flyingfish Working Group of the Eastern Caribbean, Mount Irvine, Tobago, 21-21 July 2008.
=246  1\$iAt head of title:$aWestern Central Atlantic Fishery Commission
=260  \\$aRome :$bFood and Agriculture Organization of the United Nations,$c2010.
=300  \\$av, 88 p. :$bill. ;$c30 cm.
=336  \\$atext$2rdacontent
=337  \\$aunmediated$2rdamedia
=338  \\$avolume$2rdacarrier
=490  0\$aFAO fisheries and aquaculture report,$x2070-6987 ;$vno. 929, SLC/R929 (En)
=504  \\$aIncludes bibliographical references.
=530  \\$aAlso available on the World Wide Web.
=540  \\$aCurrent Copyright Fee: GBP25.00$c0$5Uk
=591  \\$aReport.
=650  \0$aFlyingfish fisheries$zCaribbean Area$vCongresses.
=650  \0$aFlyingfishes$zCaribbean Area$vCongresses.
=653  2\$aWECAFC
=653  2\$aFAO
=710  2\$aFood and Agriculture Organization of the United Nations.
=852  41$aBritish Library$bDSC$j3865.629375$ino. 929
=856  41$uhttp://www.fao.org/docrep/013/i1602e/i1602e00.pdf
=945  \\$aFAO fisheries and aquaculture report, ISSN 2070-6987 ; vol 929 2010
=ACF  \\$aPrevious Copyright Fee: GBP12.30$c0$e01-jan-2014$fGBP12.30$g0$hA$5Uk
=ACF  \\$aPrevious Copyright Fee: GBP15.00$c0$e01-jan-2017$fGBP15.00$g0$hA$5Uk
=ACF  \\$aPrevious Copyright Fee: GBP20.00$c0$e01-jan-2020$fGBP20.00$g0$hA$5Uk
=CAT  \\$a9504$b40$c20110119$lBLL01$h1417
=CAT  \\$a6019$b40$c20110128$lBLL01$h1021
=CAT  \\$a6019$b40$c20110128$lBLL01$h1022
=CAT  \\$aBATCH-CLA$b00$c20140906$lBLL01$h0955
=CAT  \\$aBATCH-CLA$b00$c20161222$lBLL01$h1832
=CAT  \\$aIPL-CLA$c20161230$lBLL01$h2350
=CAT  \\$aBATCH-CLA$b00$c20171222$lBLL01$h2206
=CAT  \\$aIPL-CLA$c20171231$lBLL01$h1805
=CAT  \\$aBATCH-CLA$b00$c20191219$lBLL01$h1756
=CAT  \\$aIPL-CLA$c20191231$lBLL01$h2026
=CAT  \\$aR2001-1524$c20200127$lBLL01$h2052
=CAT  \\$aBATCH-CLA$b00$c20200128$lBLL01$h0455
=CAT  \\$aBATCH-CLA$b00$c20201204$lBLL01$h1606
=CAT  \\$aIPL-CLA$c20201231$lBLL01$h2326
=CAT  \\$aBATCH-CLA$b00$c20221221$lBLL01$h1921
=CAT  \\$aIPL-CLA$c20221231$lBLL01$h2301
=CFI  0\$aCurrent Copyright Fee: GBP25.00$c0$e01-jan-2023$fGBP25.00$g0$hA$5Uk
=CFI  2\$aPrevious Copyright Fee: GBP22.50$c0$e01-jan-2021$fGBP22.50$g0$hA$5Uk
=CNF  \\$aMeeting of the WECAFC Ad Hoc Flyingfish Working Group of the Eastern Caribbean$d(2008 Jul :$cMount Irvine, Tobago)
=FIN  \\$aY$d20110128
=FMT  \\$a  BK
=LAS  \\$aIPL-CLA$b00$c20221231$lBLL01$h2301
=SID  \\$aZ39$bOCLC
=TCO  \\$aITA$bAIDRO / SIAE$c008

