=LDR  01788aam a2200493 a 4500
=001  015745598
=003  Uk
=005  20111021114047.0
=008  101218s2010\\\\it\a\\\\\b\\\\000\0\eng\d
=015  \\$aGBB1C2844$2bnb
=016  7\$a015745598$2Uk
=020  \\$a9789251066508 (pbk.)
=020  \\$a9251066507 (pbk.)
=035  \\$a(OCoLC)693812499
=040  \\$aBTCTA$beng$cBTCTA$dTXA$dVIM$dAGL$dUk
=042  \\$aukblsr
=070  0\$aSH328$b.A694 2010
=082  04$a639.3$223
=245  00$aAquaculture development.$n4,$pEcosystem approach to aquaculture.
=246  30$aEcosystem approach to aquaculture
=260  \\$aRome :$bFood and Agriculture Organization of the United Nations,$c2010.
=300  \\$axii, 53 p. :$bill. ;$c21 cm.
=336  \\$atext$2rdacontent
=337  \\$aunmediated$2rdamedia
=338  \\$avolume$2rdacarrier
=490  1\$aFAO technical guidelines for responsible fisheries,$x1020-5292 ;$v5, suppl. 4
=504  \\$aIncludes bibliographical references.
=650  \0$aAquaculture$xEnvironmental aspects.
=650  \0$aEcosystem management.
=650  \0$aFishery management.
=710  2\$aFood and Agriculture Organization of the United Nations.
=830  \0$aFAO technical guidelines for responsible fisheries ;$v5, suppl. 4.
=852  41$aBritish Library$bHMNTS$jOPB.2011.x.171
=852  41$aBritish Library$bHMNTS$jOPD.2011.x.95
=856  41$uhttp://www.fao.org/docrep/013/i1750e/i1750e.pdf
=CAT  \\$a12271$b40$c20110203$lBLL01$h0908
=CAT  \\$a12271$b40$c20110203$lBLL01$h0911
=CAT  \\$a10926$b40$c20110228$lBLL01$h1321
=CAT  \\$a12167$b40$c20111021$lBLL01$h1140
=CAT  \\$aWR16_021$c20160701$lBLL01$h1811
=FIN  \\$aY$d20110228
=FMT  \\$a  BK
=LAS  \\$aWR16_021$b00$c20160701$lBLL01$h1811
=SID  \\$aZ39$bOCLC

