=LDR  05646cam a22008297a 4500
=001  015778483
=003  Uk
=005  20221231230353.0
=008  101218s2010\\\\it\\\\\\\b\\\i100\0\eng\d
=020  \\$a9789251065532 (pbk.)
=020  \\$a9251065535 (pbk.)
=035  \\$a(OCoLC)693812516
=040  \\$aBTCTA$beng$cBTCTA$dORE$dUk
=042  \\$aukblderived
=111  2\$aFAO Expert Workshop on the Application of Biosecurity Measures to Control Salmonella Contamination in Sustainable Aquaculture$d(2010 :$cMangalore, India)
=245  10$aReport of the FAO Expert Workshop on the Application of Biosecurity Measures to Control Salmonella Contamination in Sustainable Aquaculture :$bMangalore, India, 19-21 January 2010.
=260  \\$aRome :$bFood and Agriculture Organization of the United Nations,$c2010.
=300  \\$a1 v. ;$c28 cm.
=336  \\$atext$2rdacontent
=337  \\$aunmediated$2rdamedia
=338  \\$avolume$2rdacarrier
=490  1\$aFAO fisheries and aquaculture report ;$vno. 937
=504  \\$aIncludes bibliographical references (p. 27-31).
=520  3\$aThis document contains the report of the FAO Expert Workshop on the "Application of Biosecurity Measures to Control Salmonella Contamination in Sustainable Aquaculture" held in Mangalore, India from 19 to 21 January 2010. The experts reviewed the current scientific evidence regarding the pathogen Salmonella enterica, its occurrence and survival in aquatic environment, possible pathways of contamination of aquaculture systems, serovars found in seafood and salmonellosis associated with fish and fishery products. The experts agreed that although Salmonella is a major foodborne pathogen, products of aquaculture are rarely involved in outbreaks of salmonellosis and the serovars which have been reported in products of aquaculture are rarely reported in cases of human salmonellosis in fish importing countries. The experts recognized that there are a variety of pathways reported as to how Salmonella can enter the aquaculture environment ranging from wild animals, domestic stock, poor sanitation and inappropriate disposal of human and animal wastes. Control of such pathways poses major challenges such as land runoff during rains, control of wild animals in the farm environment. There was agreement that very low level prevalence of Salmonella can be seen in products from aquaculture systems in developed countries but this has not led to any particular public health problem in these countries. The experts agreed that good hygienic practices during aquaculture production and biosecurity measures can minimize but not eliminate Salmonella in products of aquaculture. Biosecurity and control measures that would be useful in minimizing the risk of Salmonella contamination of aquaculture products were identified. The experts identified data gaps and made a series of recommendations to the national governments, national competent authorities, aquaculture industry and FAO.
=530  \\$aAlso available on the World Wide Web.
=540  \\$aCurrent Copyright Fee: GBP25.00$c0$5Uk
=591  \\$aReport.
=650  \0$aSustainable aquaculture$xSanitation$vCongresses.
=650  \0$aSalmonella food poisoning$xPrevention$vCongresses.
=650  \0$aBiosecurity$vCongresses.
=653  2\$aFAO
=710  2\$aFood and Agriculture Organization of the United Nations.
=830  \0$aFAO fisheries and aquaculture report ;$vno. 937.
=852  41$aBritish Library$bHMNTS$jZC.9.b.8853
=852  41$aBritish Library$bDSC$j3865.629375
=856  41$uhttp://www.fao.org/docrep/013/i1547e/i1547e00.pdf
=945  \\$aFAO fisheries and aquaculture report ; vol 937 2010
=ACF  \\$aPrevious copyright fee: GBP12.00$c0$e01-jan-2012$fGBP12.00$g0$hA$5Uk
=ACF  \\$aPrevious Copyright Fee: GBP12.30$c0$e01-jan-2014$fGBP12.30$g0$hA$5Uk
=ACF  \\$aPrevious Copyright Fee: GBP15.00$c0$e01-jan-2017$fGBP15.00$g0$hA$5Uk
=ACF  \\$aPrevious Copyright Fee: GBP20.00$c0$e01-jan-2020$fGBP20.00$g0$hA$5Uk
=CAT  \\$a7233$b40$c20110324$lBLL01$h1444
=CAT  \\$a6019$b40$c20110329$lBLL01$h1152
=CAT  \\$a6019$b40$c20110329$lBLL01$h1153
=CAT  \\$a6019$b40$c20110329$lBLL01$h1155
=CAT  \\$aBATCH-UPD$b40$c20110911$lBLL01$h2019
=CAT  \\$aBATCH-UPD$b40$c20120819$lBLL01$h2316
=CAT  \\$aBATCH-CLA$b00$c20120928$lBLL01$h1841
=CAT  \\$aBATCH-CLA$b00$c20120930$lBLL01$h1055
=CAT  \\$aBATCH-CLA$b00$c20130508$lBLL01$h0744
=CAT  \\$aBATCH-CLA$c20131220$lBLL01$h2111
=CAT  \\$aIPL-CLA$c20140101$lBLL01$h0144
=CAT  \\$aBATCH-CLA$b00$c20161222$lBLL01$h1832
=CAT  \\$aIPL-CLA$c20161230$lBLL01$h2353
=CAT  \\$aBATCH-CLA$b00$c20171222$lBLL01$h2207
=CAT  \\$aIPL-CLA$c20171231$lBLL01$h1807
=CAT  \\$aBATCH-CLA$b00$c20191219$lBLL01$h1756
=CAT  \\$aIPL-CLA$c20191231$lBLL01$h2027
=CAT  \\$aR2001-1524$c20200127$lBLL01$h2052
=CAT  \\$aBATCH-CLA$b00$c20200128$lBLL01$h0455
=CAT  \\$aBATCH-CLA$b00$c20201204$lBLL01$h1606
=CAT  \\$aIPL-CLA$c20201231$lBLL01$h2327
=CAT  \\$aBATCH-CLA$b00$c20221221$lBLL01$h1922
=CAT  \\$aIPL-CLA$c20221231$lBLL01$h2303
=CFI  0\$aCurrent Copyright Fee: GBP25.00$c0$e01-jan-2023$fGBP25.00$g0$hA$5Uk
=CFI  2\$aPrevious Copyright Fee: GBP22.50$c0$e01-jan-2021$fGBP22.50$g0$hA$5Uk
=CNF  \\$aFAO Expert Workshop on the Application of Biosecurity Measures to Control Salmonella Contamination in Sustainable Aquaculture$d(2010 Jan :$cMangalore, India)
=FIN  \\$aY$d20110329
=FMT  \\$a  BK
=LAS  \\$aIPL-CLA$b00$c20221231$lBLL01$h2303
=SID  \\$aZ39$bOCLC
=TCO  \\$aITA$bAIDRO / SIAE$c008

