=LDR  01861 am a2200469 a 4500
=001  015788593
=003  Uk
=005  20110419140248.0
=008  110331s2010\\\\it\a\\\\\b\\\\000\0\eng\d
=020  \\$a9789251067284 (pbk.)
=020  \\$a9251067287 (pbk.)
=035  \\$a(OCoLC)710044122
=040  \\$aNLGGC$bdut$cNLGGC$dUk$efobidrtb
=042  \\$aukblsr
=100  1\$aKnight, Rachael S.
=245  10$aStatutory recognition of customary land rights in Africa :$ban investigation into best practices for lawmaking and implementation /$cby Rachael S. Knight.
=260  \\$aRome :$bFood and Agriculture Organization of the United Nations,$c2010.
=300  \\$axiv, 301 p. :$bill. ;$c24 cm.
=336  \\$atext$2rdacontent
=337  \\$aunmediated$2rdamedia
=338  \\$avolume$2rdacarrier
=490  0\$aFAO legislative study,$x1014-6679 ;$v1045
=504  \\$aIncludes bibliographical references.
=540  \\$aBritish Library not licensed to copy$c0$5Uk
=650  \0$aLand reform$xLaw and legislation$zAfrica.
=650  \0$aLand tenure$zBotswana$vCase studies.
=650  \0$aLand tenure$zTanzania$vCase studies.
=650  \0$aLand tenure$zMozanbique$vCase studies.
=776  0\$tStatutory recognition of customary land rights in Africa$w(NL-LeOCL)333169336
=852  41$aBritish Library$bDSC$j5181.462000
=852  41$aBritish Library$bHMNTS$jUNF.34/74
=856  4\$uhttp://www.fao.org/docrep/013/i1945e/i1945e00.htm
=985  \\$aNew 100*** heading
=CAT  \\$a8197$b40$c20110411$lBLL01$h1523
=CAT  \\$a11070$b40$c20110419$lBLL01$h1402
=CAT  \\$aBATCH-UPD$b40$c20151018$lBLL01$h0408
=CAT  \\$aBATCH-CLA$b00$c20151019$lBLL01$h0154
=CFI  0\$aBritish Library not licensed to copy$c0$e07-sep-2011$hC$iTX$5Uk
=FIN  \\$aY$d20110419
=FMT  \\$a  BK
=LAS  \\$aBATCH-CLA$b00$c20151019$lBLL01$h0154
=SID  \\$aZ39$bOCLC

