=LDR  01816 am a22005171a 4500
=001  015802924
=003  Uk
=005  20120217001106.0
=007  ta
=008  120128s2010\\\\it\a\\\\\b\\\o000\0\eng\d
=015  \\$aGBB216233$2bnb
=016  7\$a015802924$2Uk
=020  \\$a9789251065488 (pbk.)
=040  \\$aIiNdDKA$beng$cIiNdDKA
=042  \\$aukblsr
=082  04$a632.7$223
=100  1\$aDyck, Victor Arnold,$d1941-
=245  10$aRearing codling moth for the sterile insect technique /$cby V.A. Dyck.
=260  \\$aRome :$bFood and Agriculture Organization of the United Nations,$c2010.
=300  \\$aix, 197 p. :$bill. (some col.) ;$c25 cm.
=336  \\$atext$2rdacontent
=337  \\$aunmediated$2rdamedia
=338  \\$avolume$2rdacarrier
=490  0\$aFAO plant production and protection paper,$x0259-2517 ;$v199
=500  \\$a"IAEA"--Cover.
=504  \\$aIncludes bibliographical references.
=650  \0$aInsect sterilization.
=650  \0$aInsect pests$xBiological control.
=650  \0$aInsect pests$xIntegrated control.
=650  \0$aCodling moth.
=710  2\$aFood and Agriculture Organization of the United Nations.
=710  2\$aInternational Atomic Energy Agency.
=852  41$aBritish Library$bHMNTS$jOPA.2011.x.2992
=856  41$uhttp://www.fao.org/docrep/013/i1537e/i1537e.pdf
=985  \\$aNETCAT record
=CAT  \\$a6524$b40$c20110510$lBLL01$h0804
=CAT  \\$a6524$b40$c20110510$lBLL01$h0806
=CAT  \\$a7233$b40$c20110609$lBLL01$h1306
=CAT  \\$a8980$b40$c20110613$lBLL01$h1526
=CAT  \\$a8317$b40$c20111124$lBLL01$h1134
=CAT  \\$aBATCH-SURR$b00$c20120217$lBLL01$h0010
=CAT  \\$aWR16_021$c20160701$lBLL01$h1823
=FIN  \\$aY$d20120217
=FMT  \\$a  BK
=LAS  \\$aWR16_021$b00$c20160701$lBLL01$h1823
=SRC  \\$aNETCAT$bnetcatprn.20120217

