=LDR  03228cam a2200781 a 4500
=001  016014009
=003  Uk
=005  20221231231152.0
=008  120117s2011\\\\it\a\\\\\b\\\i000\0|eng\\
=010  \\$a2012367385
=016  7\$a016014009$2Uk
=020  \\$a9789251069738 (pbk.)
=020  \\$a9251069735 (pbk.)
=035  \\$a(OCoLC)774448069
=040  \\$aAU@$beng$cAU@$dAGL$dDKU$dDLC$dBTCTA$dUk
=042  \\$aukblsr
=050  14$aSF105.3$b.S97 2011
=070  0\$aSF105.3$b.S97 2011
=082  04$a333.95340723$223
=245  00$aSurveying and monitoring of animal genetic resources.
=260  \\$aRome :$bCommission on Genetic Resources for Food and Agriculture, Food and Agriculture Organization of the United Nations,$c2011.
=300  \\$aix, 144 p. :$bcol. ill. ;$c25 cm.
=336  \\$atext$2rdacontent
=337  \\$aunmediated$2rdamedia
=338  \\$avolume$2rdacarrier
=490  1\$aFAO animal production and health guidelines,$x1810-0708 ;$v7
=504  \\$aIncludes bibliographical references (p. 141-144).
=530  \\$aAlso available on the Internet.
=540  \\$aCurrent Copyright Fee: GBP25.00$c0$5Uk
=650  \0$aGermplasm resources, Animal.
=650  \0$aSurveying.
=710  2\$aCommission on Genetic Resources for Food and Agriculture.
=830  \0$aFAO animal production and health guidelines,$x1810-0708 ;$v7.
=852  41$aBritish Library$bDSC$j3865.593500
=852  41$aBritish Library$bHMNTS$jOPB.2012.x.289
=856  41$uhttp://www.fao.org/docrep/014/ba0055e/ba0055e00.pdf
=ACF  \\$aPrevious copyright fee: GBP12.00$c0$e01-jan-2012$fGBP12.00$g0$hA$5Uk
=ACF  \\$aPrevious Copyright Fee: GBP12.30$c0$e01-jan-2014$fGBP12.30$g0$hA$5Uk
=ACF  \\$aPrevious Copyright Fee: GBP15.00$c0$e01-jan-2017$fGBP15.00$g0$hA$5Uk
=ACF  \\$aPrevious Copyright Fee: GBP20.00$c0$e01-jan-2020$fGBP20.00$g0$hA$5Uk
=CAT  \\$a12664$b40$c20120124$lBLL01$h1130
=CAT  \\$a8411$b40$c20120525$lBLL01$h1357
=CAT  \\$a11250$b40$c20120528$lBLL01$h1138
=CAT  \\$aBATCH-CLA$b00$c20120928$lBLL01$h1841
=CAT  \\$aBATCH-CLA$b00$c20120930$lBLL01$h1055
=CAT  \\$aBATCH-CLA$b00$c20130508$lBLL01$h0744
=CAT  \\$aBATCH-CLA$c20131220$lBLL01$h2115
=CAT  \\$aIPL-CLA$c20140101$lBLL01$h0155
=CAT  \\$aWR16_021$c20160703$lBLL01$h1805
=CAT  \\$aBATCH-CLA$b00$c20161222$lBLL01$h1834
=CAT  \\$aIPL-CLA$c20161231$lBLL01$h0000
=CAT  \\$aBATCH-CLA$b00$c20171222$lBLL01$h2210
=CAT  \\$aIPL-CLA$c20171231$lBLL01$h1811
=CAT  \\$aBATCH-CLA$b00$c20191219$lBLL01$h1757
=CAT  \\$aIPL-CLA$c20191231$lBLL01$h2030
=CAT  \\$aR2001-1524$c20200127$lBLL01$h2055
=CAT  \\$aBATCH-CLA$b00$c20200128$lBLL01$h0455
=CAT  \\$aBATCH-CLA$b00$c20201204$lBLL01$h1608
=CAT  \\$aIPL-CLA$c20201231$lBLL01$h2331
=CAT  \\$aBATCH-CLA$b00$c20221221$lBLL01$h1924
=CAT  \\$aIPL-CLA$c20221231$lBLL01$h2311
=CFI  0\$aCurrent Copyright Fee: GBP25.00$c0$e01-jan-2023$fGBP25.00$g0$hA$5Uk
=CFI  2\$aPrevious Copyright Fee: GBP22.50$c0$e01-jan-2021$fGBP22.50$g0$hA$5Uk
=FIN  \\$aY$d20120528
=FMT  \\$a  BK
=LAS  \\$aIPL-CLA$b00$c20221231$lBLL01$h2311
=SID  \\$aZ39$bOCLC
=TCO  \\$aITA$bAIDRO / SIAE$c008

