=LDR  02403 am a2200553 a 4500
=001  016014017
=003  Uk
=005  20120829133438.0
=008  120117s2011\\\\it\\\\\\\b\\\i100\0|eng\\
=010  \\$a2012367383
=015  \\$aGBB285813$2bnb
=016  7\$a016014017$2Uk
=020  \\$a9789251067376 (FAO : pbk.)
=020  \\$a9251067376 (FAO : pbk.)
=020  \\$a9789290448464 (OIE : pbk.)
=020  \\$a9290448466 (OIE : pbk.)
=020  \\$a9789241564243 (WHO : pbk.)
=020  \\$a9241564245 (WHO : pbk.)
=035  \\$a(OCoLC)774447449
=040  \\$aAU@$beng$cAU@$dCUV$dAGL$dDLC$dBTCTA$dCDX$dUk
=042  \\$aukblsr
=070  0\$aRA639$b.F36 2010
=082  04$a571.98$223
=111  2\$aFAO/OIE/WHO Joint Scientific Consultation on Influenza and other Emerging Zoonotic Diseases at the Human-Animal Interface$d(2010 :$cVerona, Italy)
=245  10$aInfluenza and other emerging zoonotic diseases at the human-animal interface :$bFAO/OIE/WHO Joint Scientific Consultation, 27-29 April 2010, Verona (Italy).
=260  \\$aRome :$bPublished by the Food and Agriculture Organization of the United Nations and the World Organisation for Animal Health and the World Health Organization,$c2011.
=300  \\$avii, 53 p. ;$c25 cm.
=336  \\$atext$2rdacontent
=337  \\$aunmediated$2rdamedia
=338  \\$avolume$2rdacarrier
=490  1\$aFAO animal production and health proceedings,$x1810-0732 ;$v13
=500  \\$aReport on the FAO/OIE/WHO Joint Scientific Consultation on Influenza and Other Emerging Zoonotic Diseases at the Human-Animal Interface, in Verona, Italy on Apr. 27-29, 2010.
=504  \\$aIncludes bibliographical references.
=530  \\$aAlso available on the Internet.
=650  \0$aZoonoses$vCongresses.
=650  \0$aPublic health$vCongresses.
=710  2\$aFood and Agriculture Organization of the United Nations.
=710  2\$aInternational Office of Epizootics.
=710  2\$aWorld Health Organization.
=830  \0$aFAO animal production and health proceedings ;$v13.
=852  41$aBritish Library$bHMNTS$jOPB.2012.x.287
=856  41$uhttp://www.fao.org/docrep/014/i1963e/i1963e00.pdf
=CAT  \\$a12664$b40$c20120124$lBLL01$h1134
=CAT  \\$a11250$b40$c20120829$lBLL01$h1334
=CAT  \\$aWR16_021$c20160703$lBLL01$h1805
=FIN  \\$aY$d20120829
=FMT  \\$a  BK
=LAS  \\$aWR16_021$b00$c20160703$lBLL01$h1805
=SID  \\$aZ39$bOCLC

