=LDR  01701 am a22004811a 4500
=001  016092539
=003  Uk
=005  20130307212332.0
=007  ta
=008  130201s2011\\\\it\a\\\\\b\\\\000\0\eng\d
=015  \\$aGBB320782$2bnb
=016  7\$a016092539$2Uk
=020  \\$a9789251069905 (pbk.)
=040  \\$aIiNdDKA$beng$cIiNdDKA
=042  \\$aukblsr
=082  04$a639.66$223
=100  1\$aShelley, Colin$q(Colin Charles)
=245  10$aMud crab aquaculture :$ba practical manual /$cColin Shelley and Alessandro Lovatelli.
=260  \\$aRome :$bFood and Agriculture Organization of the United Nations,$c2011.
=300  \\$axviii, 78 p. :$bill. (some col.) ;$c30 cm.
=336  \\$atext$2rdacontent
=337  \\$aunmediated$2rdamedia
=338  \\$avolume$2rdacarrier
=490  0\$aFAO fisheries and aquaculture technical paper,$x2070-7010 ;$v567
=504  \\$aIncludes bibliographical references.
=650  \0$aScylla (Crustacea)
=650  \0$aCrab culture.
=700  1\$aLovatelli, Alessandro.
=710  2\$aFood and Agriculture Organization of the United Nations.
=852  41$aBritish Library$bHMNTS$jOPB.2013.x.20
=856  41$uhttp://www.fao.org/docrep/015/ba0110e/ba0110e00.htm
=985  \\$aNETCAT record
=CAT  \\$a11168$b40$c20120525$lBLL01$h0922
=CAT  \\$a11168$b40$c20120525$lBLL01$h0923
=CAT  \\$a10962$b40$c20130108$lBLL01$h1340
=CAT  \\$a7233$b40$c20130111$lBLL01$h1031
=CAT  \\$a11250$b40$c20130128$lBLL01$h1400
=CAT  \\$aBATCH-SURR$b00$c20130307$lBLL01$h2122
=CAT  \\$aWR16_021$c20160705$lBLL01$h1803
=FIN  \\$aY$d20130307
=FMT  \\$a  BK
=LAS  \\$aWR16_021$b00$c20160705$lBLL01$h1803
=SRC  \\$aNETCAT$bnetcatprn.20130307

