=LDR  01875 am a22004931a 4500
=001  016104903
=003  Uk
=005  20130321213243.0
=007  ta
=008  130213s2011\\\\it\\\\\\\b\\\o000\0\eng\d
=015  \\$aGBB327590$2bnb
=016  7\$a016104903$2Uk
=020  \\$a9789251071090 (pbk.)
=040  \\$aIiNdDKA$beng$cIiNdDKA
=042  \\$aukblsr
=043  \\$ad------
=082  04$a632.1091724$223
=100  1\$aElbehri, Aziz.
=245  10$aGlobal action on climate change in agriculture :$blinkages to food security, markets and trade policies in developing countries /$cby Aziz Elbehri, Alexandre Genest and Mary Burfisher.
=260  \\$aRome :$bTrade and Markets Division, Food and Agriculture Organization of the United Nations,$c2011.
=300  \\$aix, 82 p. ;$c30 cm.
=336  \\$atext$2rdacontent
=337  \\$aunmediated$2rdamedia
=338  \\$avolume$2rdacarrier
=504  \\$aIncludes bibliographical references.
=650  \0$aCrops and climate$zDeveloping countries.
=650  \0$aClimate change mitigation$zDeveloping countries.
=650  \0$aFood security$zDeveloping countries.
=650  \0$aFood industry and trade$zDeveloping countries.
=700  1\$aGenest, Alexandre.
=700  1\$aBurfisher, Mary E.
=710  2\$aFood and Agriculture Organization of the United Nations.$bTrade and Markets Division.
=852  41$aBritish Library$bHMNTS$jOPB.2012.x.190
=852  41$aBritish Library$bHMNTS$jOPB.2013.x.28
=856  41$uhttp://www.fao.org/docrep/015/i2533e/i2533e00.pdf
=985  \\$aNETCAT record
=CAT  \\$a11002$b40$c20120615$lBLL01$h1219
=CAT  \\$aBATCH-SURR$b00$c20130321$lBLL01$h2131
=CAT  \\$aWR15_124$c20150910$lBLL01$h1607
=CAT  \\$aWR16_021$c20160705$lBLL01$h1805
=FIN  \\$aY$d20130321
=FMT  \\$a  BK
=LAS  \\$aWR16_021$b00$c20160705$lBLL01$h1805
=SRC  \\$aNETCAT$bnetcatprn.20130321

