=LDR  01897 am a2200493 i 4500
=001  016144715
=003  Uk
=005  20130710152955.0
=008  120706s2011\\\\it\a\\\\\b\\\i000\0|eng\\
=015  \\$aGBB360410$2bnb
=016  7\$a016144715$2Uk
=020  \\$a9789251070703 (paperback)
=020  \\$a9251070709 (paperback)
=035  \\$a(OCoLC)798340429
=040  \\$aAU@$beng$cAU@$dOCLCO$dCUV$dUk$dUk$erda
=042  \\$aukblsr
=050  14$aSB293$b.M27 2012
=082  04$a633.88$223
=100  1\$aMarshall, E.$q(Elaine),$eauthor.
=245  10$aHealth and wealth from medicinal aromatic plants /$cElaine Marshall.
=264  \1$aRome :$bRural Infrastructure and Agro-Industries Division, Food and Agriculture Organization of the United Nations,$c2011.
=300  \\$avii, 68 pages :$billustrations (black and white, and 1 colour) ;$c21 cm.
=336  \\$atext$2rdacontent
=337  \\$aunmediated$2rdamedia
=338  \\$avolume$2rdacarrier
=490  1\$aDiversification booklet,$x1810-0775 ;$vnumber 17
=504  \\$aIncludes bibliographical references (pages 59-62).
=530  \\$aAlso available online.
=650  \0$aMedicinal plants.
=650  \0$aAromatic plants.
=650  \0$aFarms, Small.
=710  2\$aFood and Agriculture Organization of the United Nations.$bRural Infrastructure and Agro-Industries Division,$epublisher.
=830  \0$aDiversification booklet,$x1810-0775 ;$vno. 17.
=852  41$aBritish Library$bHMNTS$jYK.2013.a.15017
=852  41$aBritish Library$bHMNTS$jOPB.2012.x.261
=856  41$uhttp://www.fao.org/docrep/015/i2473e/i2473e00.pdf
=CAT  \\$a11002$b40$c20120809$lBLL01$h0732
=CAT  \\$a10775$b40$c20130710$lBLL01$h1529
=CAT  \\$aWR16_021$c20160706$lBLL01$h1803
=CAT  \\$aBATCH-UPD$b00$c20160706$lBLL01$h1816
=FIN  \\$aY$d20120809
=FMT  \\$a  BK
=LAS  \\$aBATCH-UPD$b00$c20160706$lBLL01$h1816
=SID  \\$aZ39$bOCLC

