=LDR  01657 am a22004571a 4500
=001  016144718
=003  Uk
=005  20130404212925.0
=007  ta
=008  130316t20112012it\a\\\\\b\\\\000\0\eng\d
=015  \\$aGBB334737$2bnb
=016  7\$a016144718$2Uk
=020  \\$a9789251070680 (pbk.)
=040  \\$aIiNdDKA$beng$cIiNdDKA
=042  \\$aukblsr
=043  \\$ad------
=082  04$a636.40091724$223
=100  1\$aDietze, Klaas.
=245  10$aPigs for prosperity /$cKlaas Dietze.
=260  \\$aRome :$bRural Infrastructure and Agro-Industries Division, Food and Agriculture Organization of the United Nations,$c2011, c2012.
=300  \\$avii, 58 p. :$bill. ;$c21 cm.
=336  \\$atext$2rdacontent
=337  \\$aunmediated$2rdamedia
=338  \\$avolume$2rdacarrier
=490  0\$aDiversification booklet,$x1810-0775 ;$vno. 15
=504  \\$aIncludes bibliographical references (p. 53-56).
=650  \0$aSwine$zDeveloping countries.
=650  \0$aFarms, Small$zDeveloping countries.
=710  2\$aFood and Agriculture Organization of the United Nations.$bRural Infrastructure and Agro-Industries Division.
=852  41$aBritish Library$bHMNTS$jOPB.2012.x.254
=852  41$aBritish Library$bHMNTS$jOPB.2013.x.44
=856  41$uhttp://www.fao.org/docrep/015/i2471e/i2471e00.pdf
=985  \\$aNETCAT record
=CAT  \\$a11002$b40$c20120809$lBLL01$h0739
=CAT  \\$aBLSS-CORR$b00$c20130327$lBLL01$h1530
=CAT  \\$aBATCH-SURR$b00$c20130404$lBLL01$h2129
=CAT  \\$aWR16_021$c20160706$lBLL01$h1803
=FIN  \\$aY$d20130404
=FMT  \\$a  BK
=LAS  \\$aWR16_021$b00$c20160706$lBLL01$h1803
=SRC  \\$aNETCAT$bnetcatprn.20130404

