=LDR  02013 am a22005411a 4500
=001  016144723
=003  Uk
=005  20130404212926.0
=007  ta
=008  130316t20112012it\a\\\\\b\\\\000\0\eng\d
=015  \\$aGBB334741$2bnb
=016  7\$a016144723$2Uk
=020  \\$a9789251070642 (pbk.)
=040  \\$aIiNdDKA$beng$cIiNdDKA
=042  \\$aukblsr
=043  \\$ad------
=082  04$a338.1765091724$223
=100  1\$aHilmi, Martin.
=245  10$aProducts and profit from poultry /$cMartin Hilmi, Frands Dolberg and Brian Clarke.
=250  \\$a2nd ed.
=260  \\$aRome :$bRural Infrastructure and Agro-Industries Division, Food and Agriculture Organization of the United Nations,$c2011, c2012.
=300  \\$aix, 73 p. :$bill. ;$c21 cm.
=336  \\$atext$2rdacontent
=337  \\$aunmediated$2rdamedia
=338  \\$avolume$2rdacarrier
=490  0\$aDiversification booklet,$x1810-0775 ;$vno. 3
=504  \\$aIncludes bibliographical references (p. 63-70).
=650  \0$aPoultry$zDeveloping countries.
=650  \0$aPoultry$xBreeding$zDeveloping countries.
=650  \0$aEggs$xProduction$zDeveloping countries.
=650  \0$aSmall business$zDeveloping countries.
=690  7\$aManagement and Business Studies$2blcoll
=700  1\$aDolberg, Frands.
=700  1\$aClarke, Brian.
=710  2\$aFood and Agriculture Organization of the United Nations.$bRural Infrastructure and Agro-Industries Division.
=852  41$aBritish Library$bHMNTS$jOPB.2012.x.258
=852  41$aBritish Library$bHMNTS$jOPB.2013.x.40
=856  41$uhttp://www.fao.org/docrep/015/i2465e/i2465e00.pdf
=985  \\$aNETCAT record
=CAT  \\$a11002$b40$c20120809$lBLL01$h0755
=CAT  \\$aBLSS-CORR$b00$c20130327$lBLL01$h1530
=CAT  \\$aBATCH-SURR$b00$c20130404$lBLL01$h2129
=CAT  \\$aBATCH-MBS$c20130412$lBLL01$h2117
=CAT  \\$aWR16_021$c20160706$lBLL01$h1803
=FIN  \\$aY$d20130404
=FMT  \\$a  BK
=LAS  \\$aWR16_021$b00$c20160706$lBLL01$h1803
=SRC  \\$aNETCAT$bnetcatprn.20130404

