=LDR  02010 am a22005291a 4500
=001  016144725
=003  Uk
=005  20130404212926.0
=007  ta
=008  130316t20112012it\a\\\\\b\\\\000\0\eng\d
=015  \\$aGBB334742$2bnb
=016  7\$a016144725$2Uk
=020  \\$a9789251070635 (pbk.)
=040  \\$aIiNdDKA$beng$cIiNdDKA
=042  \\$aukblsr
=043  \\$ad------
=082  04$a338.175091724$223
=100  10$aLandon-Lane, Chris.
=245  10$aLivelihoods grow in gardens /$cChris Landon-Lane.
=250  \\$a2nd ed.
=260  \\$aRome :$bRural Infrastructure and Agro-Industries Division, Food and Agriculture Organization of the United Nations,$c2011, c2012.
=300  \\$avii, 79 p. :$bill. ;$c21 cm.
=336  \\$atext$2rdacontent
=337  \\$aunmediated$2rdamedia
=338  \\$avolume$2rdacarrier
=490  0\$aDiversification booklet,$x1810-0775 ;$vno. 2
=504  \\$aIncludes bibliographical references (p. 71-76).
=650  \0$aGardening$xEconomic aspects$zDeveloping countries.
=650  \0$aVegetable gardening$zDeveloping countries.
=650  \0$aHome-based businesses$zDeveloping countries.
=650  \0$aSustainable development$zDeveloping countries.
=690  7\$aManagement and Business Studies$2blcoll
=710  2\$aFood and Agriculture Organization of the United Nations.$bRural Infrastructure and Agro-Industries Division.
=852  41$aBritish Library$bHMNTS$jOPB.2012.x.259
=852  41$aBritish Library$bHMNTS$jOPB.2013.x.39
=856  41$uhttp://www.fao.org/docrep/015/i2463e/i2463e00.pdf
=985  \\$aNETCAT record
=CAT  \\$a11002$b40$c20120809$lBLL01$h0759
=CAT  \\$aBLSS-CORR$b00$c20130327$lBLL01$h1530
=CAT  \\$aBATCH-SURR$b00$c20130404$lBLL01$h2129
=CAT  \\$aBATCH-MBS$c20130412$lBLL01$h2117
=CAT  \\$aBATCH-UPD$b00$c20140910$lBLL01$h1924
=CAT  \\$aWR16_021$c20160706$lBLL01$h1803
=FIN  \\$aY$d20130404
=FMT  \\$a  BK
=LAS  \\$aWR16_021$b00$c20160706$lBLL01$h1803
=SRC  \\$aNETCAT$bnetcatprn.20130404

