=LDR  02068 am a22005531a 4500
=001  016144726
=003  Uk
=005  20130404212926.0
=007  ta
=008  130316t20112012it\a\\\\\b\\\\000\0\eng\d
=015  \\$aGBB334743$2bnb
=016  7\$a016144726$2Uk
=020  \\$a9789251070628 (pbk.)
=040  \\$aIiNdDKA$beng$cIiNdDKA
=042  \\$aukblsr
=043  \\$ad------
=082  04$a338.17816091724$223
=100  1\$aHilmi, Martin.
=245  10$aBeekeeping and sustainable livelihoods /$cMartin Hilmi, Nicola Bradbear and Danilo Mejia.
=250  \\$a2nd ed.
=260  \\$aRome :$bRural Infrastructure and Agro-Industries Division, Food and Agriculture Organization of the United Nations,$c2011, c2012.
=300  \\$aix, 72 p. :$bill. ;$c21 cm.
=336  \\$atext$2rdacontent
=337  \\$aunmediated$2rdamedia
=338  \\$avolume$2rdacarrier
=490  0\$aDiversification booklet,$x1810-0775 ;$vno. 1
=504  \\$aIncludes bibliographical references (p. 67-70).
=650  \0$aBee culture$zDeveloping countries.
=650  \0$aBeekeepers$zDeveloping countries.
=650  \0$aHoneybee$zDeveloping countries.
=650  \0$aHoney$zDeveloping countries.
=690  7\$aManagement and Business Studies$2blcoll
=700  1\$aBradbear, Nicola.
=700  1\$aMejía-Lorío, Danilo J.
=710  2\$aFood and Agriculture Organization of the United Nations.$bRural Infrastructure and Agro-Industries Division.
=852  41$aBritish Library$bHMNTS$jOPB.2012.x.260
=852  41$aBritish Library$bHMNTS$jOPB.2013.x.38
=856  11$uhttp://www.fao.org/docrep/015/i2462e/i2462e00.pdf
=985  \\$aNETCAT record
=CAT  \\$a11002$b40$c20120809$lBLL01$h0803
=CAT  \\$aBLSS-CORR$b00$c20130327$lBLL01$h1530
=CAT  \\$aBATCH-SURR$b00$c20130404$lBLL01$h2129
=CAT  \\$aBATCH-MBS$c20130412$lBLL01$h2117
=CAT  \\$aWR16_021$c20160706$lBLL01$h1803
=CAT  \\$aBATCH-UPD$b00$c20160706$lBLL01$h1816
=FIN  \\$aY$d20130404
=FMT  \\$a  BK
=LAS  \\$aBATCH-UPD$b00$c20160706$lBLL01$h1816
=SRC  \\$aNETCAT$bnetcatprn.20130404

