=LDR  03755 am a2200541 a 4500
=001  016145565
=003  Uk
=005  20130313142038.0
=008  120817s2011\\\\it\ab\\\\b\\\i001\0\eng\\
=015  \\$aGBB325620$2bnb
=016  7\$a016145565$2Uk
=020  \\$a9789251070475 (pbk.)
=020  \\$a9251070474 (pbk.)
=035  \\$a(OCoLC)808515295
=040  \\$aAU@$beng$cAU@$dOCLCO$dUk
=042  \\$aukblsr
=043  \\$aw------$ad------
=082  04$a690.5370913$223
=245  00$aRural structures in the tropics :$bdesign and development /$cGeoffrey C. Mrema ... [et al.].
=260  \\$aRome :$bFAO,$c2011.
=300  \\$axii, 481, [4] p. :$bill., maps ;$c30 cm.
=336  \\$atext$2rdacontent
=337  \\$aunmediated$2rdamedia
=338  \\$avolume$2rdacarrier
=500  \\$a"CTA"--Cover.
=500  \\$a"Based on the FAO publication Farm structures in tropical climates"--P. xi.
=504  \\$aIncludes bibliographical references and index.
=520  \\$a"This book is an effort by FAO to compile an up-to-date, comprehensive text on rural structures and services in the tropics, focusing on structures for small- to medium-scale farms and, to some extent, village-scale agricultural infrastructure. The earlier edition, entitled Farm structures in tropical climates: a textbook for structural engineering and design, published in 1986, has been used for over two decades as a standard textbook for teaching undergraduate and postgraduate courses on rural structures and services in universities throughout sub-Saharan Africa. This second edition will help to improve teaching - at all educational levels - on the subject of rural buildings in developing countries in the tropics and it will assist professionals currently engaged in providing technical advice on rural structures and services, from either agricultural extension departments or non-governmental rural development organizations. This book will also provide technical guidance in the context of disaster recovery and rehabilitation, for rebuilding the sound rural structures and related services that are key to development and economic sustainability. While this book is intended primarily for teaching university - and college-level agricultural engineering students about rural structures and services, resources might be made available to produced textbooks based on this material for teaching at other educational levels. Although parts of the background material relate specifically to East and Southeast Africa, the book's principles apply to the whole of tropical Africa, Latin America and South Asia because, while building traditions may vary, the available materials are similar."--Back cover.
=530  \\$aAlso available online. Address as at 28/8/2012 :http://www.fao.org/docrep/015/i2433e/i2433e.pdf
=650  \0$aFarm buildings$zTropics$xDesign and construction.
=650  \0$aFarm buildings$zDeveloping countries$xDesign and construction.
=650  \0$aFarm layout$zTropics.
=650  \0$aFarm layout$zDeveloping countries.
=700  1\$aMrema, Geoffrey C.
=710  2\$aFood and Agriculture Organization of the United Nations.
=710  2\$aTechnical Centre for Agricultural and Rural Cooperation (Ede, Netherlands)
=740  0\$aFarm structures in tropical climates.
=852  41$aBritish Library$bHMNTS$jOPB.2013.x.56
=852  41$aBritish Library$bHMNTS$jOPB.2012.x.292
=856  41$uhttp://www.fao.org/docrep/015/i2433e/i2433e.pdf
=CAT  \\$a11002$b40$c20120810$lBLL01$h1409
=CAT  \\$a9671$b40$c20120906$lBLL01$h1439
=CAT  \\$a12666$b40$c20130313$lBLL01$h1420
=CAT  \\$aWR16_021$c20160706$lBLL01$h1803
=FIN  \\$aY$d20120906
=FMT  \\$a  BK
=LAS  \\$aWR16_021$b00$c20160706$lBLL01$h1803
=SID  \\$aZ39$bOCLC

