=LDR  05132 am a22004577a 4500
=001  016208127
=003  Uk
=005  20130111161128.0
=006  m\\\\\\\\d\i\\\\\\
=008  120920s2012\\\\it\a\\\\ob\\\i000\0\eng\d
=016  7\$a016208127$2Uk
=020  \\$z9789251072998 (paperback)
=020  \\$z925107299X (paperback)
=035  \\$a(OCoLC)810338693
=040  \\$aSDB$cSDB$dUk
=042  \\$aukblderived
=245  00$aBiofuel co-products as livestock feed$h[electronic resource] :$bopportunities and challenges /$ceditor, Harinder P.S. Makkar.
=260  \\$aRome :$bFood and Agriculture Organization of the United Nations,$cc2012.
=300  \\$axviii, 533 p. :$bill. ;$c30 cm.
=504  \\$aIncludes bibliographical references.
=505  0\$aAn outlook on world biofuel production and its implications for the animal feed industry / Geoff Cooper, J. Alan Weber -- An outlook on EU biofuel production and its implications for the animal feed industry / Warwick Lywood, John Pinkney -- Impact of United States biofuels co-products on the feed industry / G.C. Shurson, H. Tilstra, B.J. Kerr -- Utilization of wet distillers grains in high-energy beef cattle diets based on processed grain / M.L. Galyean ... [et al.] -- Utilization of feed co-products from wet or dry milling for beef cattle / G.E. Erickson, T.J. Klopfenstein, A.K. Watson -- Hydrogen sulphide: synthesis, physiological roles and pathology associated with feeding cattle maize co-products of the ethanol industry / Jon P. Schoonmaker, Donald C. Beitz -- Feeding biofuel co-products to dairy cattle / Kenneth F. Kalscheur ... [et al.] -- Utilization of crude glycerin in beef cattle / J.S. Drouillard -- Nutritional value and utilization of wheat dried distillers grain with solubles in pigs and poultry / J. Noblet, P. Cozannet, F. Skiba -- Feeding biofuels co-products to pigs / G.C. Shurson ... [et al.] -- Co-products from biofuel production for farm animals: an EU perspective / Friederike Hippenstiel ... [et al.] --.
=505  0\$aUtilizing co-products of the sweet sorghum-based biofuel industry as livestock feed in decentralized systems / P. Srinivasa Rao ... [et al.] -- Utilization of oil palm co-products as feeds for livestock in Malaysia / M. Wan Zahari, A.R. Alimon, H.K. Wong -- Use of palm kernel cakes (Elaeis guineensis and Orbignya phalerata), co-products of the biofuel industry, in collared peccary (Pecari tajacu) feeds / Natália Inagaki de Albuquerque ... [et al.] -- Sustainable and competitive use as livestock feed of some co-products, by-products and effluents generated in the bio-ethanol industry / Harold Patino ... [et al.] -- Scope for utilizing sugar cane bagasse as livestock feed: an Asian perspective / S. Anandan, K.T. Sampath -- Camelina sativa in poultry diets: opportunities and challenges / Gita Cherian -- Utilization of lipid co-products of the biofuel industry in livestock feed / Z. Wiesman, O. Segman, L. Yarmolinsky -- Potential and constraints in utilizing co-products of the non-edible oils-based biodiesel industry: an overview / Souheila Abbeddou, Harinder P.S. Makkar -- Status of biofuels in India and scope of utilizing castor (Ricinus communis) cake, a biofuel co-product, as livestock feed / S. Anandan, N.K.S. Gowda, K.T. Sampath --.
=505  0\$aUse of detoxified jatropha kernel meal and protein isolate in diets of farm animals / Harinder P.S. Makkar, Vikas Kumar, Klaus Becker -- Use of Pongamia glabra (karanj) and Azadirachta indica (neem) seed cakes for feeding livestock / Narayan Dutta, A.K. Panda, D.N. Kamra -- Co-products of the United States biofuels industry as alternative feed ingredients for aquaculture / Kamal Mjoun, Kurt Rosentrater -- Cultivation of micro-algae for lipids and hydrocarbons, and utilization of spent biomass for livestock feed and for bio-active constituents / G.A. Ravishankar ... [et al.] -- Land use in Australia for biofuels and bio-energy: opportunities and challenges for livestock industries / Andrew L. Braid -- An assessment of the potential demand for DDGS in Western Canada: institutional and market considerations / Colleen Christensen ... [et al.] -- Biofuels: their co-products and water impacts in the context of life-cycle analysis / Michael Wang, Jennifer Dunn -- Utilization of co-products of the biofuel industry as livestock feeds: a synthesis / Tim Smith, Harinder Makka.
=650  \0$aBiomass energy industries$xBy-products.
=650  \0$aAnimal feeding.
=650  \0$aEnergy crops.
=650  \0$aAgriculture and energy.
=650  \0$aFeedstock.
=700  1\$aMakkar, Harinder P. S.
=710  2\$aFood and Agriculture Organization of the United Nations.
=852  41$aBritish Library$bHMNTS$jYK.2013.b.771
=852  41$aBritish Library$bHMNTS$jYD.2012.b.2498
=856  40$uhttp://www.fao.org/docrep/016/i3009e/i3009e.pdf
=CAT  \\$a11131$b40$c20121109$lBLL01$h1108
=CAT  \\$a5004$b40$c20130111$lBLL01$h1611
=CAT  \\$aWR14_185$c20160214$lBLL01$h1233
=CAT  \\$aWR16_021$c20160707$lBLL01$h1806
=FIN  \\$aY$d20121109
=FMT  \\$a  BK
=LAS  \\$aWR16_021$b00$c20160707$lBLL01$h1806
=SID  \\$aZ39$bOCLC

