=LDR  01525 am a2200397 i 4500
=001  016306667
=003  Uk
=005  20130627115313.0
=008  130115s2012\\\\it\a\\\\\\\\\|0|0\0|eng\\
=020  \\$a9789251071786 (paperback)
=035  \\$a(OCoLC)824358844
=040  \\$aAGL$beng$cAGL$dN15$dUk$erda
=042  \\$aukblsr
=050  \4$aSB123.3$b.S96 2012
=070  0\$aSB123.3$b.S96 2012
=082  04$a333.9534$223
=245  00$aSynthetic account of the second global plan of action for plant genetic resources for food and agriculture.
=264  \1$a[Rome, Italy] :$bCommission on Genetic Resources for Food and Agriculture, Food and Agriculture Organization of the United Nations,$c[2012]
=300  \\$a20 pages :$billustrations (colour) ;$c30 cm
=336  \\$atext$2rdacontent
=337  \\$aunmediated$2rdamedia
=338  \\$avolume$2rdacarrier
=530  \\$aAlso available on the Internet.
=650  \0$aGermplasm resources, Plant.
=650  \0$aGermplasm resources, Plant$xInternational cooperation.
=710  2\$aCommission on Genetic Resources for Food and Agriculture,$epublisher.
=852  41$aBritish Library$bDSC$jm13/.15037
=852  41$aBritish Library$bHMNTS$jOPB.2013.x.65
=856  41$uhttp://www.fao.org/docrep/016/i2650e/i2650e.pdf
=CAT  \\$a10904$b40$c20130325$lBLL01$h1414
=CAT  \\$a9666$b40$c20130627$lBLL01$h1153
=CAT  \\$aBATCH-UPD$b40$c20160616$lBLL01$h2036
=FIN  \\$aY$d20130325
=FMT  \\$a  BK
=LAS  \\$aBATCH-UPD$b40$c20160616$lBLL01$h2036
=SID  \\$aZ39$bOCLC

