=LDR  01533 am a2200385 i 4500
=001  016306675
=003  Uk
=005  20130610113455.0
=008  130115s2012\\\\it\\\\\\\b\\\|0|0\0|eng\\
=020  \\$a9789251071632 (paperback)
=035  \\$a(OCoLC)824358838
=040  \\$aAGL$beng$cAGL$dCUV$dYDXCP$dUk$erda
=042  \\$aukblsr
=070  0\$aSB123.3$b.S42 2011
=245  00$aSecond global plan of action for plant genetic resources for food and agriculture :$badopted by the FAO Council, Rome, Italy, 29 November 2011.
=264  \1$a[Rome, Italy] :$bCommission on Genetic Resources for Food and Agriculture, Food and Agriculture Organization of the United Nations,$c[2012]
=300  \\$a91 pages ;$c26 cm
=336  \\$atext$2rdacontent
=337  \\$aunmediated$2rdamedia
=338  \\$avolume$2rdacarrier
=504  \\$aIncludes bibliographical references.
=530  \\$aAlso available on the Internet.
=650  \0$aGermplasm resources, Plant.
=650  \0$aGermplasm resources, Plant$xInternational cooperation.
=710  2\$aCommission on Genetic Resources for Food and Agriculture,$epublisher.
=852  41$aBritish Library$bDSC$jm13/.14907
=852  41$aBritish Library$bHMNTS$jOPB.2013.x.63
=856  41$uhttp://www.fao.org/docrep/015/i2624e/i2624e00.pdf
=CAT  \\$a10904$b40$c20130325$lBLL01$h1419
=CAT  \\$a9666$b40$c20130610$lBLL01$h1134
=CAT  \\$aBATCH-UPD$b40$c20160616$lBLL01$h2036
=FIN  \\$aY$d20130325
=FMT  \\$a  BK
=LAS  \\$aBATCH-UPD$b40$c20160616$lBLL01$h2036
=SID  \\$aZ39$bOCLC

