=LDR  01457 am a22003617a 4500
=001  014049919
=003  Uk
=005  20071010083729.0
=006  m\\\\|\\\d\|\\\\\\
=007  cr||||||||||||
=008  071001s2001\\\\it\a\\\\rb\\\o000\0\eng\\
=040  \\$aUk$beng$cUk
=245  00$aHuman vitamin and mineral requirements :$breport of a joint FAO/WHO expert consultation, Bangkok, Thailand.
=260  \\$aRome :$bFAO, Food and Nutrition Division,$c2001.
=336  \\$atext$2rdacontent
=337  \\$acomputer$2rdamedia
=338  \\$aonline resource$2rdacarrier
=500  \\$aTitle from PDF title page (viewed 10 Oct., 2007).
=504  \\$aIncludes bibliographical references.
=516  \\$aText (PDF).
=533  \\$aPrintout.$b[London :$cBritish Library,$d2007]$exxii, 286 p. : ill. ; 30 cm.$nPrinted from web site (1 Oct., 2007).
=538  \\$aMode of access: World Wide Web.
=538  \\$aSystem requirements: Adobe Acrobat Reader.
=710  2\$aFood and Agriculture Organization of the United Nations.$bFood Policy and Nutrition Division.
=710  2\$aFood and Agriculture Organization of the United Nations.
=710  2\$aWorld Health Organization.
=852  41$aBritish Library$bDSC$jm07/.32997
=856  41$uftp://ftp.fao.org/es/esn/nutrition/Vitrni/pdf/TOTAL.pdf
=CAT  \\$a4861$b40$c20071001$lBLL01$h1120
=CAT  \\$a8141$b40$c20071010$lBLL01$h0837
=FIN  \\$aY$d20071010
=FMT  \\$a  BK
=LAS  \\$a8141$b40$c20071010$lBLL01$h0837

