=LDR  04756cam a22006977a 4500
=001  014472944
=003  Uk
=005  20230924061743.0
=008  071119s2007\\\\it\b\\\\\b\\\\001\0\eng\d
=020  \\$a9789251056912
=020  \\$a9251056919
=035  \\$a(OCoLC)181589344
=040  \\$aORE$cORE$dUk
=043  \\$ae-lv---
=100  1\$aKirjušina, Muza.
=245  10$aChecklist of the parasites of fishes of Latvia /$cby Muza Kirjušina and Kārlis Vismanis.
=260  \\$aRome :$bFood and Agriculture Organization of the United Nations,$cc2007.
=300  \\$avi, 106 p. :$bmap ;$c30 cm.
=336  \\$atext$2rdacontent
=337  \\$aunmediated$2rdamedia
=338  \\$avolume$2rdacarrier
=490  1\$aFAO fisheries technical paper ;$vno. 369/3
=504  \\$aIncludes bibliographical references (p. 94-99) and indexes.
=520  3\$aThis checklist summarizes information on the parasites of Latvia fishes contained in the world literature dating to the end of 2005. Information is presented in the form of parasite-host and hostparasite lists and includes 305 named species of parasites, distributed among the higher taxa as follows: Protista - 42, Myxozoa - 49, Digenea - 38, Monogenoidea - 81, Cestoda - 33, Nematoda - 31, Acanthocephala - 11, Hirudinida - 2, Mollusca - 6, Branchiura - 2 and Copepoda - 10. Also included are many records of parasites not identified to species level. The Parasite-Host List is organized on a taxonomic basis and provides information for each parasite species on the environment (freshwater, brackish, marine), the location (site of infection) in or on its host(s), the species of host(s) infected, the known geographic distribution (by major waterbody) in Latvia, and the published sources for each host and locality record. The Host-Parasite List is organized according to the taxonomy of the hosts, and includes for each host, the English language, Latvian and Russian common names, environment (freshwater, brackish, marine), status in Latvia (native or exotic) and the list of parasites reported. Both lists are accompanied by remarks, as warranted, giving specific information on points of systematics, nomenclature, possible misidentifications, introductions, life cycles, etc. Citations are included for all references and parasite and host indices are included. The parasite fauna of fishes of Latvia has received considerable attention. Nevertheless, parasites have been recorded from only about 45 percent of the more than 114 species of marine and fish occurring in the country's waters. The common freshwater fish species (particularly those having economic importance, such as the cyprinids, percids, esocids and salmonids) have been particularly well studied, providing a good general picture of their parasite faunas and data having value for use in faunistic analyses.
=530  \\$aAlso available online.
=540  \\$aCurrent Copyright Fee: GBP25.00$c0$5Uk
=650  \0$aFishes$xParasites$zLatvia.
=650  \0$aFishes$xDiseases$zLatvia.
=700  1\$aVismanis, Kārlis.
=710  2\$aFood and Agriculture Organization of the United Nations.
=830  \0$aFAO fisheries technical paper ;$vno. 369/3.
=852  41$aBritish Library$bDSC$j3865.641000$ino. 369/3 (2007)
=856  11$uftp://ftp.fao.org/docrep/fao/010/a1078e/a1078e.pdf
=ACF  \\$aPrevious Copyright Fee: GBP12.30$c0$e01-jan-2014$fGBP12.30$g0$hA$5Uk
=ACF  \\$aPrevious Copyright Fee: GBP15.00$c0$e01-jan-2017$fGBP15.00$g0$hA$5Uk
=ACF  \\$aPrevious Copyright Fee: GBP20.00$c0$e01-jan-2020$fGBP20.00$g0$hA$5Uk
=CAT  \\$a8411$b40$c20071214$lBLL01$h0940
=CAT  \\$aBATCH$b00$c20091217$lBLL01$h0514
=CAT  \\$aBATCH$b00$c20100103$lBLL01$h1306
=CAT  \\$aBATCH-UPD$b00$c20121102$lBLL01$h2213
=CAT  \\$aBATCH-CLA$b00$c20140102$lBLL01$h0319
=CAT  \\$aBATCH-CLA$b00$c20161222$lBLL01$h1821
=CAT  \\$aIPL-CLA$c20161230$lBLL01$h2257
=CAT  \\$aBATCH-CLA$b00$c20171222$lBLL01$h2148
=CAT  \\$aIPL-CLA$c20171231$lBLL01$h1729
=CAT  \\$aBATCH-CLA$b00$c20191219$lBLL01$h1745
=CAT  \\$aIPL-CLA$c20191231$lBLL01$h2001
=CAT  \\$aR2001-1524$c20200127$lBLL01$h2036
=CAT  \\$aBATCH-CLA$b00$c20200128$lBLL01$h0413
=CAT  \\$aBATCH-CLA$b00$c20201204$lBLL01$h1553
=CAT  \\$aIPL-CLA$c20201231$lBLL01$h2250
=CAT  \\$aBATCH-CLA$b00$c20221221$lBLL01$h1905
=CAT  \\$aIPL-CLA$c20221231$lBLL01$h2210
=CAT  \\$aW2308-1659$c20230923$lBLL01$h1116
=CAT  \\$aBATCH-CLA$b00$c20230924$lBLL01$h0617
=CFI  0\$aCurrent Copyright Fee: GBP25.00$c0$e01-jan-2023$fGBP25.00$g0$hA$5Uk
=FIN  \\$aY$d20071214
=FMT  \\$a  BK
=LAS  \\$aBATCH-CLA$b00$c20230924$lBLL01$h0617
=SID  \\$aZ39$bOCLC
=TCO  \\$aITA$bAIDRO / SIAE$c008

