=LDR  06499cam a22007217a 4500
=001  014653634
=003  Uk
=005  20230924061744.0
=008  080517s2007\\\\it\ab\\\\b\\\i000\0\eng\d
=020  \\$a9789251058749
=020  \\$a9251058741
=035  \\$a(OCoLC)228370919
=040  \\$aBTCTA$cBTCTA$dOSU$dORE$dUk
=042  \\$aukblderived
=043  \\$aa------
=245  00$aEconomics of aquaculture feeding practices in selected Asian countries /$cedited by Mohammad R. Hasan.
=260  \\$aRome :$bFood and Agriculture Organization of the United Nations,$cc2007.
=300  \\$aix, 205 p. :$bcol. ill., col. maps ;$c30 cm.
=336  \\$atext$2rdacontent
=337  \\$aunmediated$2rdamedia
=338  \\$avolume$2rdacarrier
=490  1\$aFAO fisheries technical paper,$x0429-9345 ;$vno. 505
=504  \\$aIncludes bibliographical references.
=505  0\$aEconomics of aquaculture feeding practices: a synthesis of case studies undertaken in six Asian countries / Walfredo R. Rola and Mohammad R. Hasan -- Economics of aquaculture feeding practices: Bangladesh / Nesar Ahmed -- Economics of aquaculture feeding practices: Cina / Xinhua Yuan -- Economics of aquaculture feeding practices: Punjab, India / Monojit Debnath...[et al.] -- Economics of aquaculture feeding practices: the Philippeans / Walfredo R. Rola -- Economics of aquaculture feeding practices: Thailand / Pongpat Boonchuwong, Kulapa Boonchuwong, Kelwalin Noorit -- Economics of aquaculture feeding practices:Viet Nam / Nguyen Thanh Phuong...[et al.].
=520  3\$aThis technical paper provides an analysis of the economic implications of, and the reasons for, adopting various feeding practices for different fish species and aquaculture systems in Asia. It comprises of six selected country case study reports from Asia (Bangladesh, China, India, the Philippines, Thailand and Viet Nam) and an overall synthesis ending with conclusions and recommendations. Field survey for the case studies was carried out between 15 October 2005 and 14 February 2006 and three hundred and fourty Asian fish farmers were interviewed about their fish feeding practices. In India and China selected farmers were engaged in carp polyculture, in Bangladesh and Viet Nam they raised sutchi catfish (Pangasianodon hypophthalmus) and pangasiid catfish (Pangasianodon hypophthalmus and Pangasius bocourti) respectively, in Thailand hybrid catfish (Clarias gariepinus x C. macrocephalus). In the Philippines those undertaking polyculture of giant freshwater prawn and milkfish participated. Prior to the random selection of farmers each national group of farmers had been stratified according to three broad categories of feeding practices. These were (i) use of industrially produced pelleted feed (intensive farmers), (ii) use of industrial and farm-made feed mixes (semi-intensive), and (iii) use of on-farm feeds consisting of a mixture of locally available feed ingredients (traditional/ extensive). The 340 respondents represent these three feeding categories in about equal proportions, and include 60 farmers by country with the exception of India in which 40 farmers were interviewed. After completion of the field survey and the preliminary analyses, the researchers involved in the case studies met to agree on methods and an outline for country reports. After agreeing on the methodology and outline of the country reports, the authors of the case studies, for each feeding strategy and farming system, analyzed demographic factors (including age and marital status, education and ownership structure), physical characteristics (average number of ponds and average pond size), and other input features (stocking strategies, feeding practices, types of feed, frequency and intensity of feeding and labour utilization). The case studies also identified the principal input costs, assessed the economic rates of return (gross and net margins), returns to labour, land and capital, gross and net total factor productivity, break-even prices and production and returns on capital for each feeding strategy. Problem areas were identified for the different farming systems. A statistical analysis using either regression analysis or the Cobb Douglas production function established the existence, or non-existence, for each feeding strategy of the relationships between aquaculture production and or profit as the dependent variable and a number of independent factors.
=530  \\$aAlso available on the World Wide Web.
=540  \\$aCurrent Copyright Fee: GBP25.00$c0$5Uk
=650  \0$aAquaculture industry$zAsia$vCase studies.
=650  \0$aAquaculture$xEconomic aspects$zAsia$vCase studies.
=650  \0$aFisheries$xEconomic aspects$zAsia$vCase studies.
=650  \0$aFishes$xFeeding and feeds$xEconomic aspects$zAsia$vCase studies.
=700  1\$aHasan, Mohammad R.
=710  2\$aFood and Agriculture Organization of the United Nations.
=830  \0$aFAO fisheries technical paper,$x0429-9345 ;$vno. 505
=852  41$aBritish Library$bDSC$j3865.641000$ino. 505
=856  41$uhttp://www.fao.org/docrep/010/a1456e/a1456e00.htm
=ACF  \\$aPrevious Copyright Fee: GBP12.30$c0$e01-jan-2014$fGBP12.30$g0$hA$5Uk
=ACF  \\$aPrevious Copyright Fee: GBP15.00$c0$e01-jan-2017$fGBP15.00$g0$hA$5Uk
=ACF  \\$aPrevious Copyright Fee: GBP20.00$c0$e01-jan-2020$fGBP20.00$g0$hA$5Uk
=CAT  \\$a7233$b40$c20080625$lBLL01$h1347
=CAT  \\$aBATCH$b00$c20091217$lBLL01$h0530
=CAT  \\$aBATCH$b00$c20100103$lBLL01$h1321
=CAT  \\$aBATCH-CLA$b00$c20140102$lBLL01$h0320
=CAT  \\$aBATCH-CLA$b00$c20161222$lBLL01$h1823
=CAT  \\$aIPL-CLA$c20161230$lBLL01$h2307
=CAT  \\$aBATCH-CLA$b00$c20171222$lBLL01$h2150
=CAT  \\$aIPL-CLA$c20171231$lBLL01$h1735
=CAT  \\$aBATCH-CLA$b00$c20191219$lBLL01$h1747
=CAT  \\$aIPL-CLA$c20191231$lBLL01$h2005
=CAT  \\$aR2001-1524$c20200127$lBLL01$h2039
=CAT  \\$aBATCH-CLA$b00$c20200128$lBLL01$h0413
=CAT  \\$aBATCH-CLA$b00$c20201204$lBLL01$h1554
=CAT  \\$aIPL-CLA$c20201231$lBLL01$h2255
=CAT  \\$aBATCH-CLA$b00$c20221221$lBLL01$h1908
=CAT  \\$aIPL-CLA$c20221231$lBLL01$h2218
=CAT  \\$aW2308-1659$c20230923$lBLL01$h1125
=CAT  \\$aBATCH-CLA$b00$c20230924$lBLL01$h0617
=CFI  0\$aCurrent Copyright Fee: GBP25.00$c0$e01-jan-2023$fGBP25.00$g0$hA$5Uk
=FIN  \\$aY$d20080625
=FMT  \\$a  BK
=LAS  \\$aBATCH-CLA$b00$c20230924$lBLL01$h0617
=SID  \\$aZ39$bOCLC
=TCO  \\$aITA$bAIDRO / SIAE$c008

