=LDR  02504cam a2200577 i 4500
=001  020674738
=003  Uk
=005  20230222111854.0
=008  210721s2021\\\\it\a\\\\\b\\\\000\0\eng\d
=015  \\$aGBC342367$2bnb
=016  7\$a020674738$2Uk
=020  \\$a9789251336175$q(pbk)
=020  \\$a9251336172$q(pbk)
=035  \\$a(OCoLC)1261014733
=040  \\$aTXA$beng$cTXA$dOCLCO$dIUL$dOCLCF$dUIU$dOCLCO$dUk$erda
=042  \\$aukblcatcopy
=050  \4$aS544$b.G56 2021
=082  04$a630.715$223
=245  00$aGlobal capacity needs assessment methodology :$bintegrating nutrition objectives into agricultural extension and advisory services programmes and policies.
=264  \1$aRome :$bFood and Agriculture Organization of the United Nations,$c2021.
=300  \\$avi, 33 pages :$bcolor illustrations ;$c30 cm
=336  \\$atext$btxt$2rdacontent
=336  \\$astill image$bsti$2rdacontent
=337  \\$aunmediated$bn$2rdamedia
=338  \\$avolume$bnc$2rdacarrier
=500  \\$a"This methodology was jointly prepared by the Food and Agricultural Organization of the United Nations (FAO) and the Global Forum for Rural Advisory Services (GRRAS). It was technically led by Rasheed Sulaiman V."--Page v.
=504  \\$aIncludes bibliographical references (pages 29-31).
=505  0\$a1. Introduction -- 2. Nutrition-sensitive agriculture and extension and advisory services : a review -- 3. Learning needs assessment: a review -- 4. Operationalizing global capacity needs assessment.
=650  \0$aAgricultural extension work.
=650  \0$aNutrition.
=650  \0$aNeeds assessment.
=650  \2$aNutritional Physiological Phenomena.
=650  \2$aNeeds Assessment.
=650  \6$aAgriculture$xVulgarisation.
=650  \6$aNutrition.
=650  \6$aAnalyse des besoins.
=650  \7$aneeds assessment.$2aat
=650  \7$aAgricultural extension work.$2fast$0(OCoLC)fst00800781
=650  \7$aNeeds assessment.$2fast$0(OCoLC)fst01035463
=650  \7$aNutrition.$2fast$0(OCoLC)fst01042187
=700  0\$aRasheed Sulaiman V.
=710  2\$aFood and Agriculture Organization of the United Nations,$eissuing body.
=852  41$aBritish Library$bHMNTS$jOPB.2023.x.82
=856  40$uhttp://www.fao.org/3/cb2069en/cb2069en.pdf
=CAT  \\$a15811$b40$c20220711$lBLL01$h1320
=CAT  \\$aBATCH-016$c20220713$lBLL01$h2154
=CAT  \\$a9657$b40$c20230222$lBLL01$h1118
=FIN  \\$aY$d20230222
=FMT  \\$a  BK
=LAS  \\$a9657$b40$c20230222$lBLL01$h1118
=SID  \\$aZ39$bOCLC

