=LDR  03229 am a2200685 a 4500
=001  015815340
=003  Uk
=005  20110601113431.0
=007  cr\mn|||||||||
=008  060828m20059999it\ab\\\\b\\\i001\0\eng\c
=010  \\$a2006484623
=015  \\$aGBB166137$2bnb
=016  7\$a015815340$2Uk
=020  \\$a9789251053836 (v. 1)
=020  \\$a9251053839 (v. 1)
=020  \\$a9789251067208 (v. 2 : pbk.)
=020  \\$a9251067201 (v. 2 : pbk.)
=035  \\$a(OCoLC)71193186
=040  \\$aIBT$cIBT$dIBT$dTJC$dBAKER$dWAU$dCOO$dDLC$dAGL$dBTCTA$dUBA$dYDXCP$dAGL$dWAU$dUk
=042  \\$aukblsr
=050  00$aQL430.2$b.C48 2005
=070  0\$aQL430.2$b.C48 2005
=082  04$a594.5$222
=245  00$aCephalopods of the world :$ban annotated and illustrated catalogue of cephalopod species known to date /$cedited by P. Jereb and C.F.E. Roper.
=250  \\$a[2nd ed.].
=260  \\$aRome :$bFood and Agriculture Organization of the United Nations,$c2005-
=300  \\$av. :$bill. (some col.), maps (some col.) ;$c30 cm.
=336  \\$atext$2rdacontent
=337  \\$acomputer$2rdamedia
=338  \\$aonline resource$2rdacarrier
=490  1\$aFAO species catalogue for fishery purposes,$x1020-8682 ;$vno. 4
=500  \\$a"FAO FishFinder"--Vol. 2, t.p.
=500  \\$aRewritten, revised, and updated version of: Cephalopods of the world : an annotated and illustrated catalogue of species of interest to fisheries / prepared by Clyde F.E. Roper, Michael J. Sweeney, and Cornelia E. Nauen. [Rome] : United Nations Development Programme : Food and Agriculture Organization of the United Nations, 1984. (FAO species catalogue ; v. 3). (FAO fisheries synopsis ; no. 125, v. 3).
=500  \\$a"FIR/Cat. 4/2"--Vol. 2, t.p.
=504  \\$aIncludes bibliographical references and indexes.
=505  1\$av. 1. Chambered nautiluses and sepioids (Nautilidae, Sepiidae, Sepiolidae, Sepiadariidae, Idiosepiidae, and Spirulidae) -- v. 2. Myopsid and oegopsid squids.
=530  \\$aAlso available electronically from the FAO website in PDF format.
=650  \0$aCephalopoda.
=650  \7$aCephalopoda.$2larpcal
=650  \7$aMollusca.$2larpcal
=700  1\$aJereb, P.
=700  1\$aRoper, Clyde F. E.,$d1937-
=700  1\$iSupersedes (work):.$aRoper, Clyde F. E.,$d1937-$tCephalopods of the world.
=710  2\$aFAO FishFinder (Programme)
=710  2\$aFood and Agriculture Organization of the United Nations.
=740  02$aChambered nautiluses and sepioids (Nautilidae, Sepiidae, Sepiolidae, Sepiadariidae, Idiosepiidae, and Spirulidae)
=740  02$aMyopsid and oegopsid squids.
=830  \0$aFAO species catalogue for fishery purposes ;$vno. 4.
=852  11$aBritish Library$bSTI$k(B)$h594.5$ino. 4
=856  41$3Vol. 1$uhttp://www.fao.org/docrep/009/a0150e/a0150e00.htm
=856  41$3Vol. 2$uhttp://www.fao.org/docrep/014/i1920e/i1920e.pdf
=CAT  \\$a12271$b40$c20110526$lBLL01$h1532
=CAT  \\$a12271$b40$c20110526$lBLL01$h1538
=CAT  \\$a11250$b40$c20110601$lBLL01$h1134
=CAT  \\$aBATCH-UPD$b40$c20150805$lBLL01$h2115
=CAT  \\$aWR16_021$c20160701$lBLL01$h1826
=FIN  \\$aY$d20110601
=FMT  \\$a  BK
=LAS  \\$aWR16_021$b00$c20160701$lBLL01$h1826
=SID  \\$aZ39$bOCLC

