=LDR  02057cam a2200517 i 4500
=001  019505320
=003  Uk
=005  20201030140156.0
=008  190304s2017\\\\it\ab\\\\b\\\|0|0\0|eng\d
=020  \\$a9789251300503$qpaperback
=020  \\$a925130050X$qpaperback
=035  \\$a(OCoLC)1089005741
=040  \\$aYDX$beng$cYDX$dTXA$dOCLCF$dUIU$dYDXIT$dUk$erda
=042  \\$aukblsr
=050  \4$aS623$b.F85 2017
=050  \4$aS622$b.F85 2017
=082  04$a631.45$223
=100  1\$aFulajtár, Emil,$eauthor.
=245  10$aUse of ¹³⁷Cs for soil erosion assessment /$cEmil Fulajtar, Lionel Mabit, Chris S. Renschler, Amelia Lee Zhi Yi.
=264  \1$aRome :$bFood and Agriculture Organization of the United Nations, International Atomic Energy Agency,$c2017.
=300  \\$aviii, 63 pages :$billustrations (black and white, and colour), maps (colour) ;$c25 cm
=336  \\$atext$btxt$2rdacontent
=337  \\$aunmediated$bn$2rdamedia
=338  \\$avolume$bnc$2rdacarrier
=500  \\$a"Joint FAO/IAEA Programme, Nuclear Techniques in Food and Agriculture"--Cover.
=504  \\$aInclude bibliographical references (pages 57-62).
=530  \\$aAlso available online.
=650  \0$aSoil erosion$xMeasurement.
=650  \0$aSoil conservation.
=650  \0$aRadioactive tracers in soil science.
=650  \7$aSoil conservation.$2fast$0(OCoLC)fst01124293
=650  \7$aSoil erosion.$2fast$0(OCoLC)fst01124377
=700  1\$aMabit, Lionel,$eauthor.
=700  1\$aRenschler, Chris S.,$eauthor.
=700  1\$aYi, Amelia Lee Zhi,$eauthor.
=710  2\$aFood and Agriculture Organization of the United Nations,$epublisher.
=710  2\$aInternational Atomic Energy Agency,$epublisher.
=852  11$aBritish Library$bSTI$k(B)$h631.45
=856  41$uhttp://www.fao.org/3/a-i8211e.pdf
=CAT  \\$a11131$b40$c20190814$lBLL01$h0828
=CAT  \\$a8964$b40$c20201030$lBLL01$h1401
=CAT  \\$aW2308-1659$c20230923$lBLL01$h0941
=FIN  \\$aY$d20201030
=FMT  \\$a  BK
=LAS  \\$aW2308-1659$b00$c20230923$lBLL01$h0941
=SID  \\$aZ39$bOCLC

