=LDR  02043 am a2200529 i 4500
=001  019502922
=003  Uk
=005  20200915145231.0
=008  190304s2018\\\\it\a\\\\\b\\\\000\0\eng\d
=020  \\$a9789251310335$qpaperback
=020  \\$a9251310335$qpaperback
=035  \\$a(OCoLC)1089016345
=040  \\$aYDX$beng$cYDX$dTXA$dOCLCF$dYDXIT$dOCLCO$dUk$erda
=042  \\$aukblsr
=050  \4$aSF966$b.M94 2018
=082  04$a636.20894575$223
=100  1\$aMyers, Lee$c(Veterinarian),$eauthor.
=245  10$aGlobal rinderpest action plan :$bpost-eradication /$cauthors: Lee Myers, Samia Metwally, Mariana Marrana, Carla Stoffel, Gunel Ismayilova, Tianna Brand.
=264  \1$a[Rome, Italy] :$bFood and Agriculture Organization of the United Nations,$c[2018]
=300  \\$avii, 75 pages :$billustrations (colour) ;$c30 cm
=336  \\$atext$2rdacontent
=337  \\$aunmediated$2rdamedia
=338  \\$avolume$2rdacarrier
=504  \\$aIncludes bibliographical references.
=530  \\$aAlso available online.
=650  \0$aRinderpest.
=650  \0$aRinderpest$vPrevention.
=650  \0$aCommunicable diseases in animals.
=650  \7$aCommunicable diseases in animals.$2fast$0(OCoLC)fst00869927
=650  \7$aRinderpest.$2fast$0(OCoLC)fst01097975
=700  1\$aMetwally, Samia,$eauthor.
=700  1\$aMarrana, Mariana,$eauthor.
=700  1\$aStoffel, Carla,$eauthor.
=700  1\$aIsmayilova, Gunel,$eauthor.
=700  1\$aBrand, Tianna,$eauthor.
=710  2\$aFood and Agriculture Organization of the United Nations,$eissuing body.
=710  2\$aInternational Office of Epizootics,$eissuing body.
=852  11$aBritish Library$bSTI$k(B)$h636.20894575
=856  41$uhttp://www.fao.org/3/ca1965en/CA1965EN.pdf
=CAT  \\$a11131$b40$c20190812$lBLL01$h1341
=CAT  \\$aBATCH-UPD$b40$c20190812$lBLL01$h1342
=CAT  \\$a5751$b40$c20200901$lBLL01$h1119
=CAT  \\$a7416$b40$c20200915$lBLL01$h1452
=FIN  \\$aY$d20200901
=FMT  \\$a  BK
=LAS  \\$a7416$b40$c20200915$lBLL01$h1452
=SID  \\$aZ39$bOCLC

